DateTime,pH Up Duration,PUMP Duration,pH Down Duration,Nutrient AB Duration,Nutrient C Duration,NutrTime,Electrical Conductivity,Volume,Temperature,Volume Flow Rate,Day
2025-10-14 00:21:44,0.0,0.0,0.0,0.0,0.0,,,,,,
2025-10-14 00:35:37,0.0,0.0,0.0,0.0,0.0,,,,,,
2025-10-14 01:11:24,0.0,0.0,0.0,0.0,0.0,,,,,,
2025-10-14 02:19:28,0.0,0.0,0.0,0.0,0.0,2025-10-14 01:25:06,1281.5,259.585,23.474,1.16,0.0
2025-10-14 02:33:18,0.0,0.0,0.0,0.0,0.0,2025-10-14 01:25:06,1281.5,259.585,23.474,1.16,0.0
2025-10-14 03:09:06,0.0,0.0,0.0,0.0,0.0,2025-10-14 01:25:06,1281.5,259.585,23.474,1.16,0.0
2025-10-14 04:17:12,0.0,0.0,0.0,0.0,0.0,2025-10-14 03:22:52,1282.0,397.41,23.428,1.16,0.0
2025-10-14 04:30:59,0.0,0.0,0.0,0.0,0.0,2025-10-14 03:22:52,1282.0,397.41,23.428,1.16,0.0
2025-10-14 05:00:00,0.0,0.0,0.0,0.0,0.0,2025-10-14 03:22:52,1282.0,397.41,23.428,1.16,0.0
2025-10-14 05:06:48,0.0,0.0,0.0,0.0,0.0,2025-10-14 03:22:52,1282.0,397.41,23.428,1.16,0.0
2025-10-14 06:14:56,0.0,0.0,0.0,0.0,0.0,2025-10-14 05:20:38,1282.0,534.035,23.383,1.16,0.0
2025-10-14 06:28:40,0.0,0.0,0.0,0.0,0.0,2025-10-14 05:20:38,1282.0,534.035,23.383,1.16,0.0
2025-10-14 07:04:30,0.0,0.0,0.0,0.0,0.0,2025-10-14 05:20:38,1282.0,534.035,23.383,1.16,0.0
2025-10-14 08:12:40,0.0,0.0,0.0,0.0,0.0,2025-10-14 07:18:24,1284.0,671.86,23.631,1.16,0.0
2025-10-14 08:26:21,0.0,0.0,0.0,0.0,0.0,2025-10-14 07:18:24,1284.0,671.86,23.631,1.16,0.0
2025-10-14 09:02:12,0.0,0.0,0.0,0.0,0.0,2025-10-14 07:18:24,1284.0,671.86,23.631,1.16,0.0
2025-10-14 10:10:24,0.0,0.0,0.0,0.0,0.0,2025-10-14 09:16:10,1294.0,801.315,23.8435,1.16,0.0
2025-10-14 10:24:02,0.0,0.0,0.0,0.0,0.0,2025-10-14 09:16:10,1294.0,801.315,23.8435,1.16,0.0
2025-10-14 10:59:54,0.0,0.0,0.0,0.0,0.0,2025-10-14 09:16:10,1294.0,801.315,23.8435,1.16,0.0
2025-10-14 12:08:08,0.0,0.0,0.0,0.0,0.0,2025-10-14 11:13:56,1301.0,946.7,23.962,1.16,0.0
2025-10-14 12:21:43,0.0,0.0,0.0,0.0,0.0,2025-10-14 11:13:56,1301.0,946.7,23.962,1.16,0.0
2025-10-14 12:57:36,0.0,0.0,0.0,0.0,0.0,2025-10-14 11:13:56,1301.0,946.7,23.962,1.16,0.0
2025-10-14 14:05:52,0.0,0.0,0.0,0.0,0.0,2025-10-14 13:11:42,1306.0,1053.55,23.988,1.16,0.0
2025-10-14 14:19:24,0.0,0.0,0.0,0.0,0.0,2025-10-14 13:11:42,1306.0,1053.55,23.988,1.16,0.0
2025-10-14 14:55:18,0.0,0.0,0.0,0.0,0.0,2025-10-14 13:11:42,1306.0,1053.55,23.988,1.16,0.0
2025-10-14 16:03:36,0.0,0.0,0.0,0.0,0.0,2025-10-14 15:09:28,1318.0,1218.26,24.3375,1.16,0.0
2025-10-14 16:17:05,0.0,0.0,0.0,0.0,0.0,2025-10-14 15:09:28,1318.0,1218.26,24.3375,1.16,0.0
2025-10-14 16:53:00,0.0,0.0,0.0,0.0,0.0,2025-10-14 15:09:28,1318.0,1218.26,24.3375,1.16,0.0
2025-10-14 18:01:20,0.0,0.0,0.0,0.0,0.0,2025-10-14 17:07:14,1314.0,1355.41,24.1445,1.16,0.0
2025-10-14 18:14:46,0.0,0.0,0.0,0.0,0.0,2025-10-14 17:07:14,1314.0,1355.41,24.1445,1.16,0.0
2025-10-14 18:50:42,0.0,0.0,0.0,0.0,0.0,2025-10-14 17:07:14,1314.0,1355.41,24.1445,1.16,0.0
2025-10-14 19:59:04,0.0,0.0,0.0,0.0,0.0,2025-10-14 19:05:00,1317.0,1492.39,24.098,1.16,0.0
2025-10-14 20:12:27,0.0,0.0,0.0,0.0,0.0,2025-10-14 19:05:00,1317.0,1492.39,24.098,1.16,0.0
2025-10-14 20:48:24,0.0,0.0,0.0,0.0,0.0,2025-10-14 19:05:00,1317.0,1492.39,24.098,1.16,0.0
2025-10-14 21:56:48,0.0,0.0,0.0,0.0,0.0,2025-10-14 21:02:46,1315.0,1627.385,24.043,1.16,0.0
2025-10-14 22:10:08,0.0,0.0,0.0,0.0,0.0,2025-10-14 21:02:46,1315.0,1627.385,24.043,1.16,0.0
2025-10-14 22:46:06,0.0,0.0,0.0,0.0,0.0,2025-10-14 21:02:46,1315.0,1627.385,24.043,1.16,0.0
2025-10-14 23:54:32,0.0,0.0,0.0,0.0,0.0,2025-10-14 23:00:32,1313.0,1765.435,23.69,1.16,0.0
2025-10-15 00:07:49,0.0,0.0,0.0,0.0,0.0,2025-10-14 23:00:32,1313.0,1765.435,23.69,1.16,0.0
2025-10-15 00:43:48,0.0,0.0,0.0,0.0,0.0,2025-10-14 23:00:32,1313.0,1765.435,23.69,1.16,0.0
2025-10-15 01:52:16,0.0,0.0,0.0,0.0,0.0,2025-10-15 00:58:18,1288.0,1908.2,22.9625,1.16,4.0
2025-10-15 02:05:30,0.0,0.0,0.0,0.0,0.0,2025-10-15 00:58:18,1288.0,1908.2,22.9625,1.16,4.0
2025-10-15 02:41:30,0.0,0.0,0.0,0.0,0.0,2025-10-15 00:58:18,1288.0,1908.2,22.9625,1.16,4.0
2025-10-15 03:50:00,0.0,0.0,0.0,0.0,0.0,2025-10-15 02:56:04,1274.0,2038.94,22.502,1.16,4.0
2025-10-15 04:03:11,0.0,0.0,0.0,0.0,0.0,2025-10-15 02:56:04,1274.0,2038.94,22.502,1.16,4.0
2025-10-15 04:39:12,0.0,0.0,0.0,0.0,0.0,2025-10-15 02:56:04,1274.0,2038.94,22.502,1.16,4.0
2025-10-15 05:00:00,0.0,0.0,0.0,0.0,0.0,2025-10-15 04:53:50,1265.0,2174.715,22.137,1.16,4.0
2025-10-15 05:47:44,0.0,0.0,0.0,0.0,0.0,2025-10-15 04:53:50,1265.0,2174.715,22.137,1.16,4.0
2025-10-15 06:00:52,0.0,0.0,0.0,0.0,0.0,2025-10-15 04:53:50,1265.0,2174.715,22.137,1.16,4.0
2025-10-15 06:36:54,0.0,0.0,0.0,0.0,0.0,2025-10-15 04:53:50,1265.0,2174.715,22.137,1.16,4.0
2025-10-15 07:45:28,0.0,0.0,0.0,0.0,0.0,2025-10-15 06:51:36,1276.0,2310.46,22.624,1.16,4.0
2025-10-15 07:58:33,0.0,0.0,0.0,0.0,0.0,2025-10-15 06:51:36,1276.0,2310.46,22.624,1.16,4.0
2025-10-15 08:34:36,0.0,0.0,0.0,0.0,0.0,2025-10-15 06:51:36,1276.0,2310.46,22.624,1.16,4.0
2025-10-15 09:43:12,0.0,0.0,0.0,0.0,0.0,2025-10-15 08:49:22,1305.0,2448.05,23.487,1.16,4.0
2025-10-15 09:56:14,0.0,0.0,0.0,0.0,0.0,2025-10-15 08:49:22,1305.0,2448.05,23.487,1.16,4.0
2025-10-15 10:32:18,0.0,0.0,0.0,0.0,0.0,2025-10-15 08:49:22,1305.0,2448.05,23.487,1.16,4.0
2025-10-15 11:40:56,0.0,0.0,0.0,0.0,0.0,2025-10-15 10:47:08,1319.0,2584.055,23.893,1.16,4.0
2025-10-15 11:53:55,0.0,0.0,0.0,0.0,0.0,2025-10-15 10:47:08,1319.0,2584.055,23.893,1.16,4.0
2025-10-15 12:30:00,0.0,0.0,0.0,0.0,0.0,2025-10-15 10:47:08,1319.0,2584.055,23.893,1.16,4.0
2025-10-15 13:38:40,0.0,0.0,0.0,0.0,0.0,2025-10-15 12:44:54,1324.0,2719.835,24.004,1.16,4.0
2025-10-15 13:51:36,0.0,0.0,0.0,0.0,0.0,2025-10-15 12:44:54,1324.0,2719.835,24.004,1.16,4.0
2025-10-15 14:27:42,0.0,0.0,0.0,0.0,0.0,2025-10-15 12:44:54,1324.0,2719.835,24.004,1.16,4.0
2025-10-15 15:36:24,0.0,0.0,0.0,0.0,0.0,2025-10-15 14:42:40,1324.0,2855.855,24.022,1.16,4.0
2025-10-15 15:49:17,0.0,0.0,0.0,0.0,0.0,2025-10-15 14:42:40,1324.0,2855.855,24.022,1.16,4.0
2025-10-15 16:25:24,0.0,0.0,0.0,0.0,0.0,2025-10-15 14:42:40,1324.0,2855.855,24.022,1.16,4.0
2025-10-15 17:34:08,0.0,0.0,0.0,0.0,0.0,2025-10-15 16:40:26,1326.0,2992.33,24.028,1.16,4.0
2025-10-15 17:46:58,0.0,0.0,0.0,0.0,0.0,2025-10-15 16:40:26,1326.0,2992.33,24.028,1.16,4.0
2025-10-15 18:23:06,0.0,0.0,0.0,0.0,0.0,2025-10-15 16:40:26,1326.0,2992.33,24.028,1.16,4.0
2025-10-15 19:31:52,0.0,0.0,0.0,0.0,0.0,2025-10-15 18:38:12,1327.0,3131.69,24.0155,1.16,4.0
2025-10-15 19:44:39,0.0,0.0,0.0,0.0,0.0,2025-10-15 18:38:12,1327.0,3131.69,24.0155,1.16,4.0
2025-10-15 20:20:48,0.0,0.0,0.0,0.0,0.0,2025-10-15 18:38:12,1327.0,3131.69,24.0155,1.16,4.0
2025-10-15 21:29:36,0.0,0.0,0.0,0.0,0.0,2025-10-15 20:35:58,1331.0,3265.75,24.017,1.16,4.0
2025-10-15 21:42:20,0.0,0.0,0.0,0.0,0.0,2025-10-15 20:35:58,1331.0,3265.75,24.017,1.16,4.0
2025-10-15 22:18:30,0.0,0.0,0.0,0.0,0.0,2025-10-15 20:35:58,1331.0,3265.75,24.017,1.16,4.0
2025-10-15 23:27:20,0.0,0.0,0.0,0.0,0.0,2025-10-15 22:33:44,1344.0,3402.845,23.827,1.16,4.0
2025-10-15 23:40:01,0.0,0.0,0.0,0.0,0.0,2025-10-15 22:33:44,1344.0,3402.845,23.827,1.16,4.0
2025-10-16 00:16:12,0.0,0.0,0.0,0.0,0.0,2025-10-15 22:33:44,1344.0,3402.845,23.827,1.16,4.0
2025-10-16 01:25:04,0.0,0.0,0.0,0.0,0.0,2025-10-16 00:31:30,1335.0,3537.435,23.773,1.16,4.0
2025-10-16 01:37:42,0.0,0.0,0.0,0.0,0.0,2025-10-16 00:31:30,1335.0,3537.435,23.773,1.16,4.0
2025-10-16 02:13:54,0.0,0.0,0.0,0.0,0.0,2025-10-16 00:31:30,1335.0,3537.435,23.773,1.16,4.0
2025-10-16 03:22:48,0.0,0.0,0.0,0.0,0.0,2025-10-16 02:29:16,1329.0,3673.735,23.594,1.15,4.0
2025-10-16 03:35:23,0.0,0.0,0.0,0.0,0.0,2025-10-16 02:29:16,1329.0,3673.735,23.594,1.15,4.0
2025-10-16 04:11:36,0.0,0.0,0.0,0.0,0.0,2025-10-16 02:29:16,1329.0,3673.735,23.594,1.15,4.0
2025-10-16 05:00:00,0.0,0.0,0.0,0.0,0.0,2025-10-16 04:27:02,1325.0,3809.2,23.348,1.15,4.0
2025-10-16 05:20:32,0.0,0.0,0.0,0.0,0.0,2025-10-16 04:27:02,1325.0,3809.2,23.348,1.15,4.0
2025-10-16 05:33:04,0.0,0.0,0.0,0.0,0.0,2025-10-16 04:27:02,1325.0,3809.2,23.348,1.15,4.0
2025-10-16 06:09:18,0.0,0.0,0.0,0.0,0.0,2025-10-16 04:27:02,1325.0,3809.2,23.348,1.15,4.0
2025-10-16 07:18:16,0.0,0.0,0.0,0.0,0.0,2025-10-16 06:24:48,1322.0,3932.59,23.245,1.18,4.0
2025-10-16 07:30:45,0.0,0.0,0.0,0.0,0.0,2025-10-16 06:24:48,1322.0,3932.59,23.245,1.18,4.0
2025-10-16 08:07:00,0.0,0.0,0.0,0.0,0.0,2025-10-16 06:24:48,1322.0,3932.59,23.245,1.18,4.0
2025-10-16 09:16:00,0.0,0.0,0.0,0.0,0.0,2025-10-16 08:22:34,1340.0,4085.695,23.814,1.17,4.0
2025-10-16 09:28:26,0.0,0.0,0.0,0.0,0.0,2025-10-16 08:22:34,1340.0,4085.695,23.814,1.17,4.0
2025-10-16 10:04:42,0.0,0.0,0.0,0.0,0.0,2025-10-16 08:22:34,1340.0,4085.695,23.814,1.17,4.0
2025-10-16 11:13:44,0.0,0.0,0.0,0.0,0.0,2025-10-16 10:20:20,1349.0,4221.99,24.031,1.16,4.0
2025-10-16 11:26:07,0.0,0.0,0.0,0.0,0.0,2025-10-16 10:20:20,1349.0,4221.99,24.031,1.16,4.0
2025-10-16 12:02:24,0.0,0.0,0.0,0.0,0.0,2025-10-16 10:20:20,1349.0,4221.99,24.031,1.16,4.0
2025-10-16 13:11:28,0.0,0.0,0.0,0.0,0.0,2025-10-16 12:18:06,1352.0,4357.8,24.104,1.16,4.0
2025-10-16 13:23:48,0.0,0.0,0.0,0.0,0.0,2025-10-16 12:18:06,1352.0,4357.8,24.104,1.16,4.0
2025-10-16 14:00:06,0.0,0.0,0.0,0.0,0.0,2025-10-16 12:18:06,1352.0,4357.8,24.104,1.16,4.0
2025-10-16 15:09:12,0.0,0.0,0.0,0.0,0.0,2025-10-16 14:15:52,1351.0,4496.31,24.105,1.16,4.0
2025-10-16 15:21:29,0.0,0.0,0.0,0.0,0.0,2025-10-16 14:15:52,1351.0,4496.31,24.105,1.16,4.0
2025-10-16 15:57:48,0.0,0.0,0.0,0.0,0.0,2025-10-16 14:15:52,1351.0,4496.31,24.105,1.16,4.0
2025-10-16 17:06:56,0.0,0.0,0.0,0.0,0.0,2025-10-16 16:13:38,1351.0,4632.65,24.084,1.16,4.0
2025-10-16 17:19:10,0.0,0.0,0.0,0.0,0.0,2025-10-16 16:13:38,1351.0,4632.65,24.084,1.16,4.0
2025-10-16 17:55:30,0.0,0.0,0.0,0.0,0.0,2025-10-16 16:13:38,1351.0,4632.65,24.084,1.16,4.0
2025-10-16 19:04:40,0.0,0.0,0.0,0.0,0.0,2025-10-16 18:11:24,1353.0,4768.96,24.041,1.16,4.0
2025-10-16 19:16:51,0.0,0.0,0.0,0.0,0.0,2025-10-16 18:11:24,1353.0,4768.96,24.041,1.16,4.0
2025-10-16 19:53:12,0.0,0.0,0.0,0.0,0.0,2025-10-16 18:11:24,1353.0,4768.96,24.041,1.16,4.0
2025-10-16 21:02:24,0.0,0.0,0.0,0.0,0.0,2025-10-16 20:09:10,1355.0,4902.92,24.012,1.16,4.0
2025-10-16 21:14:32,0.0,0.0,0.0,0.0,0.0,2025-10-16 20:09:10,1355.0,4902.92,24.012,1.16,4.0
2025-10-16 21:50:54,0.0,0.0,0.0,0.0,0.0,2025-10-16 20:09:10,1355.0,4902.92,24.012,1.16,4.0
2025-10-16 23:00:08,0.0,0.0,0.0,0.0,0.0,2025-10-16 22:06:56,1379.0,5060.765,24.19,1.16,4.0
2025-10-16 23:12:13,0.0,0.0,0.0,0.0,0.0,2025-10-16 22:06:56,1379.0,5060.765,24.19,1.16,4.0
2025-10-16 23:48:36,0.0,0.0,0.0,0.0,0.0,2025-10-16 22:06:56,1379.0,5060.765,24.19,1.16,4.0
2025-10-17 00:57:52,0.0,0.0,0.0,0.0,0.0,2025-10-17 00:04:42,1367.0,5180.195,23.584,1.16,4.0
2025-10-17 01:09:54,0.0,0.0,0.0,0.0,0.0,2025-10-17 00:04:42,1367.0,5180.195,23.584,1.16,4.0
2025-10-17 01:46:18,0.0,0.0,0.0,0.0,0.0,2025-10-17 00:04:42,1367.0,5180.195,23.584,1.16,4.0
2025-10-17 02:55:36,0.0,0.0,0.0,0.0,0.0,2025-10-17 02:02:28,1365.0,5316.93,23.2845,1.16,4.0
2025-10-17 03:07:35,0.0,0.0,0.0,0.0,0.0,2025-10-17 02:02:28,1365.0,5316.93,23.2845,1.16,4.0
2025-10-17 03:44:00,0.0,0.0,0.0,0.0,0.0,2025-10-17 02:02:28,1365.0,5316.93,23.2845,1.16,4.0
2025-10-17 04:53:20,0.0,0.0,0.0,0.0,0.0,2025-10-17 04:00:14,1362.0,5453.975,23.996,1.16,4.0
2025-10-17 05:00:00,0.0,0.0,0.0,0.0,0.0,2025-10-17 04:00:14,1362.0,5453.975,23.996,1.16,4.0
2025-10-17 05:05:16,0.0,0.0,0.0,0.0,0.0,2025-10-17 04:00:14,1362.0,5453.975,23.996,1.16,4.0
2025-10-17 05:41:42,0.0,0.0,0.0,0.0,0.0,2025-10-17 04:00:14,1362.0,5453.975,23.996,1.16,4.0
2025-10-17 06:51:04,0.0,0.0,0.0,0.0,0.0,2025-10-17 05:58:00,1359.0,5580.335,23.908,1.16,4.0
2025-10-17 07:02:57,0.0,0.0,0.0,0.0,0.0,2025-10-17 05:58:00,1359.0,5580.335,23.908,1.16,4.0
2025-10-17 07:39:24,0.0,0.0,0.0,0.0,0.0,2025-10-17 05:58:00,1359.0,5580.335,23.908,1.16,4.0
2025-10-17 08:48:48,0.0,0.0,0.0,0.0,0.0,2025-10-17 07:55:46,1366.0,5729.075,24.157,1.16,4.0
2025-10-17 09:00:38,0.0,0.0,0.0,0.0,0.0,2025-10-17 07:55:46,1366.0,5729.075,24.157,1.16,4.0
2025-10-17 09:37:06,0.0,0.0,0.0,0.0,0.0,2025-10-17 07:55:46,1366.0,5729.075,24.157,1.16,4.0
2025-10-17 10:46:32,0.0,0.0,0.0,0.0,0.0,2025-10-17 09:53:32,1375.0,5860.24,24.389,1.16,4.0
2025-10-17 10:58:19,0.0,0.0,0.0,0.0,0.0,2025-10-17 09:53:32,1375.0,5860.24,24.389,1.16,4.0
2025-10-17 11:34:48,0.0,0.0,0.0,0.0,0.0,2025-10-17 09:53:32,1375.0,5860.24,24.389,1.16,4.0
2025-10-17 12:44:16,0.0,0.0,0.0,0.0,0.0,2025-10-17 11:51:18,1379.0,6000.81,24.453,1.16,4.0
2025-10-17 12:56:00,0.0,0.0,0.0,0.0,0.0,2025-10-17 11:51:18,1379.0,6000.81,24.453,1.16,4.0
2025-10-17 13:32:30,0.0,0.0,0.0,0.0,0.0,2025-10-17 11:51:18,1379.0,6000.81,24.453,1.16,4.0
2025-10-17 14:42:00,0.0,0.0,0.0,0.0,0.0,2025-10-17 13:49:04,1377.0,6133.71,24.439,1.16,4.0
2025-10-17 14:53:41,0.0,0.0,0.0,0.0,0.0,2025-10-17 13:49:04,1377.0,6133.71,24.439,1.16,4.0
2025-10-17 15:30:12,0.0,0.0,0.0,0.0,0.0,2025-10-17 13:49:04,1377.0,6133.71,24.439,1.16,4.0
2025-10-17 16:39:44,0.0,0.0,0.0,0.0,0.0,2025-10-17 15:46:50,1378.0,6273.86,24.396,1.15,4.0
2025-10-17 16:51:22,0.0,0.0,0.0,0.0,0.0,2025-10-17 15:46:50,1378.0,6273.86,24.396,1.15,4.0
2025-10-17 17:27:54,0.0,0.0,0.0,0.0,0.0,2025-10-17 15:46:50,1378.0,6273.86,24.396,1.15,4.0
2025-10-17 18:37:28,0.0,0.0,0.0,0.0,0.0,2025-10-17 17:44:36,1377.0,6409.255,24.365,1.15,4.0
2025-10-17 18:49:03,0.0,0.0,0.0,0.0,0.0,2025-10-17 17:44:36,1377.0,6409.255,24.365,1.15,4.0
2025-10-17 19:25:36,0.0,0.0,0.0,0.0,0.0,2025-10-17 17:44:36,1377.0,6409.255,24.365,1.15,4.0
2025-10-17 20:35:12,0.0,0.0,0.0,0.0,0.0,2025-10-17 19:42:22,1380.0,6539.565,24.356,1.15,4.0
2025-10-17 20:46:44,0.0,0.0,0.0,0.0,0.0,2025-10-17 19:42:22,1380.0,6539.565,24.356,1.15,4.0
2025-10-17 21:23:18,0.0,0.0,0.0,0.0,0.0,2025-10-17 19:42:22,1380.0,6539.565,24.356,1.15,4.0
2025-10-17 22:32:56,0.0,0.0,0.0,0.0,0.0,2025-10-17 21:40:08,1393.0,6699.175,24.371,1.15,4.0
2025-10-17 22:44:25,0.0,0.0,0.0,0.0,0.0,2025-10-17 21:40:08,1393.0,6699.175,24.371,1.15,4.0
2025-10-17 23:21:00,0.0,0.0,0.0,0.0,0.0,2025-10-17 21:40:08,1393.0,6699.175,24.371,1.15,4.0
2025-10-18 00:30:40,0.0,0.0,0.0,0.0,0.0,2025-10-17 23:37:54,1395.0,6802.59,23.72,1.15,4.0
2025-10-18 00:42:06,0.0,0.0,0.0,0.0,0.0,2025-10-17 23:37:54,1395.0,6802.59,23.72,1.15,4.0
2025-10-18 01:18:42,0.0,0.0,0.0,0.0,0.0,2025-10-17 23:37:54,1395.0,6802.59,23.72,1.15,4.0
2025-10-18 02:28:24,0.0,0.0,0.0,0.0,0.0,2025-10-18 01:35:40,1375.0,5860.24,24.389,1.16,4.0
2025-10-18 02:39:47,0.0,0.0,0.0,0.0,0.0,2025-10-18 01:35:40,1375.0,5860.24,24.389,1.16,4.0
2025-10-18 03:16:24,0.0,0.0,0.0,0.0,0.0,2025-10-18 01:35:40,1375.0,5860.24,24.389,1.16,4.0
2025-10-18 04:26:08,0.0,0.0,0.0,0.0,0.0,2025-10-18 03:33:26,1379.0,6000.81,24.453,1.16,4.0
2025-10-18 04:37:28,0.0,0.0,0.0,0.0,0.0,2025-10-18 03:33:26,1379.0,6000.81,24.453,1.16,4.0
2025-10-18 05:00:00,0.0,0.0,0.0,0.0,0.0,2025-10-18 03:33:26,1379.0,6000.81,24.453,1.16,4.0
2025-10-18 05:14:06,0.0,0.0,0.0,0.0,0.0,2025-10-18 03:33:26,1379.0,6000.81,24.453,1.16,4.0
2025-10-18 06:23:52,0.0,0.0,0.0,0.0,0.0,2025-10-18 05:31:12,1430.0,7272.795,25.1675,1.15,4.0
2025-10-18 06:35:09,0.0,0.0,0.0,0.0,0.0,2025-10-18 05:31:12,1430.0,7272.795,25.1675,1.15,4.0
2025-10-18 07:11:48,0.0,0.0,0.0,0.0,0.0,2025-10-18 05:31:12,1430.0,7272.795,25.1675,1.15,4.0
2025-10-18 08:21:36,0.0,0.0,0.0,0.0,0.0,2025-10-18 07:28:58,1424.0,7353.975,24.842,1.15,4.0
2025-10-18 08:32:50,0.0,0.0,0.0,0.0,0.0,2025-10-18 07:28:58,1424.0,7353.975,24.842,1.15,4.0
2025-10-18 09:09:30,0.0,0.0,0.0,0.0,0.0,2025-10-18 07:28:58,1424.0,7353.975,24.842,1.15,4.0
2025-10-18 10:19:20,0.0,0.0,0.0,0.0,0.0,2025-10-18 09:26:44,1421.0,7498.725,24.707,1.15,4.0
2025-10-18 10:30:31,0.0,0.0,0.0,0.0,0.0,2025-10-18 09:26:44,1421.0,7498.725,24.707,1.15,4.0
2025-10-18 11:07:12,0.0,0.0,0.0,0.0,0.0,2025-10-18 09:26:44,1421.0,7498.725,24.707,1.15,4.0
2025-10-18 12:17:04,0.0,0.0,0.0,0.0,0.0,2025-10-18 11:24:30,1420.0,7626.135,24.4685,1.15,4.0
2025-10-18 12:28:12,0.0,0.0,0.0,0.0,0.0,2025-10-18 11:24:30,1420.0,7626.135,24.4685,1.15,4.0
2025-10-18 13:04:54,0.0,0.0,0.0,0.0,0.0,2025-10-18 11:24:30,1420.0,7626.135,24.4685,1.15,4.0
2025-10-18 14:14:48,0.0,0.0,0.0,0.0,0.0,2025-10-18 13:22:16,1422.0,7755.64,24.4915,1.15,4.0
2025-10-18 14:25:53,0.0,0.0,0.0,0.0,0.0,2025-10-18 13:22:16,1422.0,7755.64,24.4915,1.15,4.0
2025-10-18 15:02:36,0.0,0.0,0.0,0.0,0.0,2025-10-18 13:22:16,1422.0,7755.64,24.4915,1.15,4.0
2025-10-18 16:12:32,0.0,0.0,0.0,0.0,0.0,2025-10-18 15:20:02,1421.0,7891.86,24.486,1.15,4.0
2025-10-18 16:23:34,0.0,0.0,0.0,0.0,0.0,2025-10-18 15:20:02,1421.0,7891.86,24.486,1.15,4.0
2025-10-18 17:00:18,0.0,0.0,0.0,0.0,0.0,2025-10-18 15:20:02,1421.0,7891.86,24.486,1.15,4.0
2025-10-18 18:10:16,0.0,0.0,0.0,0.0,0.0,2025-10-18 17:17:48,1416.5,8033.16,24.404,1.15,4.0
2025-10-18 18:21:15,0.0,0.0,0.0,0.0,0.0,2025-10-18 17:17:48,1416.5,8033.16,24.404,1.15,4.0
2025-10-18 18:58:00,0.0,0.0,0.0,0.0,0.0,2025-10-18 17:17:48,1416.5,8033.16,24.404,1.15,4.0
2025-10-18 20:08:00,0.0,0.0,0.0,0.0,0.0,2025-10-18 19:15:34,1416.0,8167.8,24.391,1.15,4.0
2025-10-18 20:18:56,0.0,0.0,0.0,0.0,0.0,2025-10-18 19:15:34,1416.0,8167.8,24.391,1.15,4.0
2025-10-18 20:55:42,0.0,0.0,0.0,0.0,0.0,2025-10-18 19:15:34,1416.0,8167.8,24.391,1.15,4.0
2025-10-18 22:05:44,0.0,0.0,0.0,0.0,0.0,2025-10-18 21:13:20,1415.0,8311.03,24.353,1.15,4.0
2025-10-18 22:16:37,0.0,0.0,0.0,0.0,0.0,2025-10-18 21:13:20,1415.0,8311.03,24.353,1.15,4.0
2025-10-18 22:53:24,0.0,0.0,0.0,0.0,0.0,2025-10-18 21:13:20,1415.0,8311.03,24.353,1.15,4.0
2025-10-19 00:03:28,0.0,0.0,0.0,0.0,0.0,2025-10-18 23:11:06,1433.0,8437.55,23.937,1.15,4.0
2025-10-19 00:14:18,0.0,0.0,0.0,0.0,0.0,2025-10-18 23:11:06,1433.0,8437.55,23.937,1.15,4.0
2025-10-19 00:51:06,0.0,0.0,0.0,0.0,0.0,2025-10-18 23:11:06,1433.0,8437.55,23.937,1.15,4.0
2025-10-19 02:01:12,0.0,0.0,0.0,0.0,0.0,2025-10-19 01:08:52,1432.0,8573.77,23.7,1.15,8.0
2025-10-19 02:11:59,0.0,0.0,0.0,0.0,0.0,2025-10-19 01:08:52,1432.0,8573.77,23.7,1.15,8.0
2025-10-19 02:48:48,0.0,0.0,0.0,0.0,0.0,2025-10-19 01:08:52,1432.0,8573.77,23.7,1.15,8.0
2025-10-19 03:58:56,0.0,0.0,0.0,0.0,0.0,2025-10-19 03:06:38,1433.0,8709.26,23.735,1.15,8.0
2025-10-19 04:09:40,0.0,0.0,0.0,0.0,0.0,2025-10-19 03:06:38,1433.0,8709.26,23.735,1.15,8.0
2025-10-19 04:46:30,0.0,0.0,0.0,0.0,0.0,2025-10-19 03:06:38,1433.0,8709.26,23.735,1.15,8.0
2025-10-19 05:56:40,0.0,0.0,0.0,0.0,0.0,2025-10-19 05:04:24,1436.0,8844.18,23.7565,1.15,8.0
2025-10-19 06:07:21,0.0,0.0,0.0,0.0,0.0,2025-10-19 05:04:24,1436.0,8844.18,23.7565,1.15,8.0
2025-10-19 06:44:12,0.0,0.0,0.0,0.0,0.0,2025-10-19 05:04:24,1436.0,8844.18,23.7565,1.15,8.0
2025-10-19 07:54:24,0.0,0.0,0.0,0.0,0.0,2025-10-19 07:02:10,1427.0,8977.07,23.985,1.14,8.0
2025-10-19 08:05:02,0.0,0.0,0.0,0.0,0.0,2025-10-19 07:02:10,1427.0,8977.07,23.985,1.14,8.0
2025-10-19 08:41:54,0.0,0.0,0.0,0.0,0.0,2025-10-19 07:02:10,1427.0,8977.07,23.985,1.14,8.0
2025-10-19 09:52:08,0.0,0.0,0.0,0.0,0.0,2025-10-19 08:59:56,1435.0,9121.485,24.143,1.15,8.0
2025-10-19 10:02:43,0.0,0.0,0.0,0.0,0.0,2025-10-19 08:59:56,1435.0,9121.485,24.143,1.15,8.0
2025-10-19 10:39:36,0.0,0.0,0.0,0.0,0.0,2025-10-19 08:59:56,1435.0,9121.485,24.143,1.15,8.0
2025-10-19 11:49:52,0.0,0.0,0.0,0.0,0.0,2025-10-19 10:57:42,1439.0,9248.705,24.112,1.14,8.0
2025-10-19 12:00:24,0.0,0.0,0.0,0.0,0.0,2025-10-19 10:57:42,1439.0,9248.705,24.112,1.14,8.0
2025-10-19 12:37:18,0.0,0.0,0.0,0.0,0.0,2025-10-19 10:57:42,1439.0,9248.705,24.112,1.14,8.0
2025-10-19 13:47:36,0.0,0.0,0.0,0.0,0.0,2025-10-19 12:55:28,1451.0,9378.14,24.214,1.14,8.0
2025-10-19 13:58:05,0.0,0.0,0.0,0.0,0.0,2025-10-19 12:55:28,1451.0,9378.14,24.214,1.14,8.0
2025-10-19 14:35:00,0.0,0.0,10.0,10.0,0.0,2025-10-19 12:55:28,1451.0,9378.14,24.214,1.14,8.0
2025-10-19 14:47:00,0.0,0.0,0.0,0.0,0.0,2025-10-19 12:55:28,1451.0,9378.14,24.214,1.14,8.0
2025-10-19 15:45:20,0.0,0.0,0.0,0.0,0.0,2025-10-19 14:53:14,1425.0,9462.515,27.958,1.13,8.0
2025-10-19 15:55:46,0.0,0.0,0.0,0.0,10.0,2025-10-19 14:53:14,1425.0,9462.515,27.958,1.13,8.0
2025-10-19 16:32:42,0.0,0.0,0.0,0.0,0.0,2025-10-19 14:53:14,1425.0,9462.515,27.958,1.13,8.0
2025-10-19 17:43:04,0.0,0.0,0.0,0.0,0.0,2025-10-19 16:51:00,1459.0,9585.525,27.897,1.14,8.0
2025-10-19 17:53:27,0.0,0.0,0.0,0.0,0.0,2025-10-19 16:51:00,1459.0,9585.525,27.897,1.14,8.0
2025-10-19 18:30:24,0.0,0.0,0.0,0.0,0.0,2025-10-19 16:51:00,1459.0,9585.525,27.897,1.14,8.0
2025-10-19 19:40:48,0.0,0.0,0.0,0.0,0.0,2025-10-19 18:48:46,1466.0,9723.36,27.987,1.14,8.0
2025-10-19 19:51:08,0.0,0.0,0.0,0.0,0.0,2025-10-19 18:48:46,1466.0,9723.36,27.987,1.14,8.0
2025-10-19 20:28:06,0.0,0.0,0.0,0.0,0.0,2025-10-19 18:48:46,1466.0,9723.36,27.987,1.14,8.0
2025-10-19 21:38:32,0.0,0.0,0.0,0.0,0.0,2025-10-19 20:46:32,1474.0,9862.84,28.052,1.14,8.0
2025-10-19 21:48:49,0.0,0.0,0.0,0.0,0.0,2025-10-19 20:46:32,1474.0,9862.84,28.052,1.14,8.0
2025-10-19 22:25:48,0.0,0.0,0.0,0.0,0.0,2025-10-19 20:46:32,1474.0,9862.84,28.052,1.14,8.0
2025-10-19 23:36:16,0.0,0.0,0.0,0.0,0.0,2025-10-19 22:44:18,1476.0,9988.92,25.438,1.14,8.0
2025-10-19 23:46:30,0.0,0.0,0.0,0.0,0.0,2025-10-19 22:44:18,1476.0,9988.92,25.438,1.14,8.0
2025-10-20 00:23:30,0.0,0.0,0.0,0.0,0.0,2025-10-19 22:44:18,1476.0,9988.92,25.438,1.14,8.0
2025-10-20 01:34:00,0.0,0.0,0.0,0.0,0.0,2025-10-20 00:42:04,1468.0,10125.18,25.124,1.14,8.0
2025-10-20 01:44:11,0.0,0.0,0.0,0.0,10.0,2025-10-20 00:42:04,1468.0,10125.18,25.124,1.14,8.0
2025-10-20 02:21:12,0.0,0.0,10.0,10.0,0.0,2025-10-20 00:42:04,1468.0,10125.18,25.124,1.14,8.0
2025-10-20 03:31:44,0.0,0.0,0.0,0.0,0.0,2025-10-20 02:39:50,1484.0,10257.855,23.2205,1.14,8.0
2025-10-20 03:41:52,0.0,0.0,0.0,0.0,0.0,2025-10-20 02:39:50,1484.0,10257.855,23.2205,1.14,8.0
2025-10-20 04:18:54,0.0,0.0,0.0,0.0,0.0,2025-10-20 02:39:50,1484.0,10257.855,23.2205,1.14,8.0
2025-10-20 05:00:00,0.0,0.0,0.0,0.0,0.0,2025-10-20 04:37:36,1526.0,10392.395,24.034,1.13,8.0
2025-10-20 05:29:28,0.0,0.0,0.0,0.0,0.0,2025-10-20 04:37:36,1526.0,10392.395,24.034,1.13,8.0
2025-10-20 05:39:33,0.0,0.0,0.0,0.0,0.0,2025-10-20 04:37:36,1526.0,10392.395,24.034,1.13,8.0
2025-10-20 06:16:36,0.0,0.0,0.0,0.0,0.0,2025-10-20 04:37:36,1526.0,10392.395,24.034,1.13,8.0
2025-10-20 07:27:12,0.0,0.0,0.0,0.0,0.0,2025-10-20 06:35:22,1565.0,10521.76,25.263,1.13,8.0
2025-10-20 07:37:14,0.0,0.0,0.0,0.0,0.0,2025-10-20 06:35:22,1565.0,10521.76,25.263,1.13,8.0
2025-10-20 08:14:18,0.0,0.0,0.0,0.0,0.0,2025-10-20 06:35:22,1565.0,10521.76,25.263,1.13,8.0
2025-10-20 09:24:56,0.0,0.0,0.0,0.0,0.0,2025-10-20 08:33:08,1598.0,10654.48,24.601,1.13,8.0
2025-10-20 09:34:55,0.0,0.0,0.0,0.0,0.0,2025-10-20 08:33:08,1598.0,10654.48,24.601,1.13,8.0
2025-10-20 10:12:00,0.0,0.0,0.0,0.0,0.0,2025-10-20 08:33:08,1598.0,10654.48,24.601,1.13,8.0
2025-10-20 11:22:40,0.0,0.0,0.0,0.0,0.0,2025-10-20 10:30:54,1614.0,10790.72,24.906,1.12,8.0
2025-10-20 11:32:36,0.0,0.0,0.0,0.0,0.0,2025-10-20 10:30:54,1614.0,10790.72,24.906,1.12,8.0
2025-10-20 12:09:42,0.0,0.0,0.0,0.0,0.0,2025-10-20 10:30:54,1614.0,10790.72,24.906,1.12,8.0
2025-10-20 13:20:24,0.0,0.0,0.0,0.0,0.0,2025-10-20 12:28:40,1617.0,10923.38,25.606,1.12,8.0
2025-10-20 13:30:17,0.0,0.0,0.0,0.0,0.0,2025-10-20 12:28:40,1617.0,10923.38,25.606,1.12,8.0
2025-10-20 14:07:24,0.0,0.0,0.0,0.0,0.0,2025-10-20 12:28:40,1617.0,10923.38,25.606,1.12,8.0
2025-10-20 15:18:08,0.0,0.0,0.0,0.0,0.0,2025-10-20 14:26:26,1612.0,11051.84,25.524,1.12,8.0
2025-10-20 15:27:58,0.0,0.0,0.0,0.0,0.0,2025-10-20 14:26:26,1612.0,11051.84,25.524,1.12,8.0
2025-10-20 16:05:06,0.0,0.0,0.0,0.0,0.0,2025-10-20 14:26:26,1612.0,11051.84,25.524,1.12,8.0
2025-10-20 17:15:52,0.0,0.0,0.0,0.0,0.0,2025-10-20 16:24:12,1606.0,11182.88,25.275,1.11,8.0
2025-10-20 17:25:39,0.0,0.0,0.0,0.0,0.0,2025-10-20 16:24:12,1606.0,11182.88,25.275,1.11,8.0
2025-10-20 18:02:48,0.0,0.0,0.0,0.0,0.0,2025-10-20 16:24:12,1606.0,11182.88,25.275,1.11,8.0
2025-10-20 19:13:36,0.0,0.0,0.0,0.0,0.0,2025-10-20 18:21:58,1609.0,11314.92,25.131,1.11,8.0
2025-10-20 19:23:20,0.0,0.0,0.0,0.0,10.0,2025-10-20 18:21:58,1609.0,11314.92,25.131,1.11,8.0
2025-10-20 20:00:30,0.0,0.0,10.0,10.0,0.0,2025-10-20 18:21:58,1609.0,11314.92,25.131,1.11,8.0
2025-10-20 21:11:20,0.0,0.0,0.0,0.0,0.0,2025-10-20 20:19:44,1649.0,11448.715,25.112,1.11,8.0
2025-10-20 21:21:01,0.0,0.0,0.0,0.0,0.0,2025-10-20 20:19:44,1649.0,11448.715,25.112,1.11,8.0
2025-10-20 21:58:12,0.0,0.0,0.0,0.0,0.0,2025-10-20 20:19:44,1649.0,11448.715,25.112,1.11,8.0
2025-10-20 23:09:04,0.0,0.0,0.0,0.0,0.0,2025-10-20 22:17:30,1654.0,11576.6,25.231,1.11,8.0
2025-10-20 23:18:42,0.0,0.0,0.0,0.0,0.0,2025-10-20 22:17:30,1654.0,11576.6,25.231,1.11,8.0
2025-10-20 23:55:54,0.0,0.0,0.0,0.0,0.0,2025-10-20 22:17:30,1654.0,11576.6,25.231,1.11,8.0
2025-10-21 01:06:48,0.0,0.0,0.0,0.0,0.0,2025-10-21 00:15:16,1657.0,11707.915,25.3595,1.11,8.0
2025-10-21 01:16:23,0.0,0.0,0.0,0.0,0.0,2025-10-21 00:15:16,1657.0,11707.915,25.3595,1.11,8.0
2025-10-21 01:53:36,0.0,0.0,0.0,0.0,0.0,2025-10-21 00:15:16,1657.0,11707.915,25.3595,1.11,8.0
2025-10-21 03:04:32,0.0,0.0,0.0,0.0,0.0,2025-10-21 02:13:02,1661.0,11840.98,25.771,1.0,8.0
2025-10-21 03:14:04,0.0,0.0,0.0,0.0,0.0,2025-10-21 02:13:02,1661.0,11840.98,25.771,1.0,8.0
2025-10-21 03:51:18,0.0,0.0,0.0,0.0,0.0,2025-10-21 02:13:02,1661.0,11840.98,25.771,1.0,8.0
2025-10-21 05:00:00,0.0,0.0,0.0,0.0,0.0,2025-10-21 04:10:48,1670.0,11946.65,26.002,0.89,8.0
2025-10-21 05:02:16,0.0,0.0,0.0,0.0,0.0,2025-10-21 04:10:48,1670.0,11946.65,26.002,0.89,8.0
2025-10-21 05:11:45,0.0,0.0,0.0,0.0,0.0,2025-10-21 04:10:48,1670.0,11946.65,26.002,0.89,8.0
2025-10-21 05:49:00,0.0,0.0,0.0,0.0,0.0,2025-10-21 04:10:48,1670.0,11946.65,26.002,0.89,8.0
2025-10-21 07:00:00,0.0,0.0,0.0,0.0,0.0,2025-10-21 06:08:34,1671.0,12039.705,25.965,0.85,8.0
2025-10-21 07:09:26,0.0,0.0,0.0,0.0,0.0,2025-10-21 06:08:34,1671.0,12039.705,25.965,0.85,8.0
2025-10-21 07:46:42,0.0,0.0,0.0,0.0,0.0,2025-10-21 06:08:34,1671.0,12039.705,25.965,0.85,8.0
2025-10-21 08:57:44,0.0,0.0,0.0,0.0,0.0,2025-10-21 08:06:20,1677.0,12140.32,24.791,0.79,8.0
2025-10-21 09:07:07,0.0,0.0,0.0,0.0,0.0,2025-10-21 08:06:20,1677.0,12140.32,24.791,0.79,8.0
2025-10-21 09:44:24,0.0,0.0,0.0,0.0,0.0,2025-10-21 08:06:20,1677.0,12140.32,24.791,0.79,8.0
2025-10-21 10:55:28,0.0,0.0,0.0,0.0,0.0,2025-10-21 10:04:06,1612.0,11051.84,25.524,1.12,8.0
2025-10-21 11:04:48,0.0,0.0,0.0,0.0,0.0,2025-10-21 10:04:06,1612.0,11051.84,25.524,1.12,8.0
2025-10-21 11:42:06,0.0,0.0,0.0,0.0,0.0,2025-10-21 10:04:06,1612.0,11051.84,25.524,1.12,8.0
2025-10-21 12:53:12,0.0,0.0,0.0,0.0,0.0,2025-10-21 12:01:52,1606.0,11182.88,25.275,1.11,8.0
2025-10-21 13:02:29,0.0,0.0,0.0,0.0,0.0,2025-10-21 12:01:52,1606.0,11182.88,25.275,1.11,8.0
2025-10-21 13:39:48,0.0,0.0,0.0,0.0,0.0,2025-10-21 12:01:52,1606.0,11182.88,25.275,1.11,8.0
2025-10-21 14:50:56,0.0,0.0,0.0,0.0,0.0,2025-10-21 13:59:38,1932.0,12439.08,30.92,0.65,8.0
2025-10-21 15:00:10,0.0,0.0,0.0,0.0,0.0,2025-10-21 13:59:38,1932.0,12439.08,30.92,0.65,8.0
2025-10-21 15:37:30,0.0,0.0,10.0,10.0,0.0,2025-10-21 13:59:38,1932.0,12439.08,30.92,0.65,8.0
2025-10-21 16:48:40,0.0,0.0,0.0,0.0,0.0,2025-10-21 15:57:24,1456.0,12491.24,26.904,1.1,8.0
2025-10-21 16:57:51,0.0,0.0,0.0,0.0,10.0,2025-10-21 15:57:24,1456.0,12491.24,26.904,1.1,8.0
2025-10-21 17:35:12,0.0,0.0,10.0,10.0,0.0,2025-10-21 15:57:24,1456.0,12491.24,26.904,1.1,8.0
2025-10-21 18:46:24,0.0,0.0,0.0,0.0,0.0,2025-10-21 17:55:10,1424.0,12628.865,25.255,1.1,8.0
2025-10-21 18:55:32,0.0,0.0,0.0,0.0,10.0,2025-10-21 17:55:10,1424.0,12628.865,25.255,1.1,8.0
2025-10-21 19:32:54,0.0,0.0,10.0,10.0,0.0,2025-10-21 17:55:10,1424.0,12628.865,25.255,1.1,8.0
2025-10-21 20:44:08,0.0,0.0,0.0,0.0,0.0,2025-10-21 19:52:56,1459.5,12756.69,26.109,1.1,8.0
2025-10-21 20:53:13,0.0,0.0,0.0,0.0,0.0,2025-10-21 19:52:56,1459.5,12756.69,26.109,1.1,8.0
2025-10-21 21:30:36,0.0,0.0,0.0,0.0,0.0,2025-10-21 19:52:56,1459.5,12756.69,26.109,1.1,8.0
2025-10-21 22:41:52,0.0,0.0,0.0,0.0,0.0,2025-10-21 21:50:42,1468.0,12888.48,25.4285,1.1,8.0
2025-10-21 22:50:54,0.0,0.0,0.0,0.0,0.0,2025-10-21 21:50:42,1468.0,12888.48,25.4285,1.1,8.0
2025-10-21 23:28:18,0.0,0.0,0.0,0.0,0.0,2025-10-21 21:50:42,1468.0,12888.48,25.4285,1.1,8.0
2025-10-22 00:39:36,0.0,0.0,0.0,0.0,0.0,2025-10-21 23:48:28,1458.0,13010.705,24.5855,1.1,8.0
2025-10-22 00:48:35,0.0,0.0,0.0,0.0,0.0,2025-10-21 23:48:28,1458.0,13010.705,24.5855,1.1,8.0
2025-10-22 01:26:00,0.0,0.0,0.0,0.0,0.0,2025-10-21 23:48:28,1458.0,13010.705,24.5855,1.1,8.0
2025-10-22 02:37:20,0.0,0.0,0.0,0.0,0.0,2025-10-22 01:46:14,1457.0,13141.82,24.565,1.09,8.0
2025-10-22 02:46:16,0.0,0.0,0.0,0.0,0.0,2025-10-22 01:46:14,1457.0,13141.82,24.565,1.09,8.0
2025-10-22 03:23:42,0.0,0.0,0.0,0.0,0.0,2025-10-22 01:46:14,1457.0,13141.82,24.565,1.09,8.0
2025-10-22 04:35:04,0.0,0.0,0.0,0.0,0.0,2025-10-22 03:44:00,1450.0,13267.165,24.5215,1.1,8.0
2025-10-22 04:43:57,0.0,0.0,0.0,0.0,0.0,2025-10-22 03:44:00,1450.0,13267.165,24.5215,1.1,8.0
2025-10-22 05:00:00,0.0,0.0,0.0,0.0,0.0,2025-10-22 03:44:00,1450.0,13267.165,24.5215,1.1,8.0
2025-10-22 05:21:24,0.0,0.0,0.0,0.0,0.0,2025-10-22 03:44:00,1450.0,13267.165,24.5215,1.1,8.0
2025-10-22 06:32:48,0.0,0.0,0.0,0.0,0.0,2025-10-22 05:41:46,1424.0,13390.81,24.169,1.09,8.0
2025-10-22 06:41:38,0.0,0.0,0.0,0.0,0.0,2025-10-22 05:41:46,1424.0,13390.81,24.169,1.09,8.0
2025-10-22 07:19:06,0.0,0.0,0.0,0.0,0.0,2025-10-22 05:41:46,1424.0,13390.81,24.169,1.09,8.0
2025-10-22 08:30:32,0.0,0.0,0.0,0.0,0.0,2025-10-22 07:39:32,1441.0,13527.61,24.786,1.09,8.0
2025-10-22 08:39:19,0.0,0.0,0.0,0.0,0.0,2025-10-22 07:39:32,1441.0,13527.61,24.786,1.09,8.0
2025-10-22 09:16:48,0.0,0.0,0.0,0.0,0.0,2025-10-22 07:39:32,1441.0,13527.61,24.786,1.09,8.0
2025-10-22 10:28:16,0.0,0.0,0.0,0.0,0.0,2025-10-22 09:37:18,1453.0,13651.13,25.17,1.09,8.0
2025-10-22 10:37:00,0.0,0.0,0.0,0.0,0.0,2025-10-22 09:37:18,1453.0,13651.13,25.17,1.09,8.0
2025-10-22 11:14:30,0.0,0.0,0.0,0.0,0.0,2025-10-22 09:37:18,1453.0,13651.13,25.17,1.09,8.0
2025-10-22 12:26:00,0.0,0.0,0.0,0.0,0.0,2025-10-22 11:35:04,1463.0,13781.21,25.294,1.09,8.0
2025-10-22 12:34:41,0.0,0.0,0.0,0.0,0.0,2025-10-22 11:35:04,1463.0,13781.21,25.294,1.09,8.0
2025-10-22 13:12:12,0.0,0.0,0.0,0.0,0.0,2025-10-22 11:35:04,1463.0,13781.21,25.294,1.09,8.0
2025-10-22 14:23:44,0.0,0.0,0.0,0.0,0.0,2025-10-22 13:32:50,1464.0,13913.895,25.482,1.09,8.0
2025-10-22 14:32:22,0.0,0.0,0.0,0.0,0.0,2025-10-22 13:32:50,1464.0,13913.895,25.482,1.09,8.0
2025-10-22 15:09:54,0.0,0.0,0.0,0.0,0.0,2025-10-22 13:32:50,1464.0,13913.895,25.482,1.09,8.0
2025-10-22 16:21:28,0.0,0.0,0.0,0.0,0.0,2025-10-22 15:30:36,1466.0,14036.755,25.3455,1.09,8.0
2025-10-22 16:30:03,0.0,0.0,0.0,0.0,0.0,2025-10-22 15:30:36,1466.0,14036.755,25.3455,1.09,8.0
2025-10-22 17:07:36,0.0,0.0,0.0,0.0,0.0,2025-10-22 15:30:36,1466.0,14036.755,25.3455,1.09,8.0
2025-10-22 18:19:12,0.0,0.0,0.0,0.0,0.0,2025-10-22 17:28:22,1460.5,14170.79,25.102,1.09,8.0
2025-10-22 18:27:44,0.0,0.0,0.0,0.0,0.0,2025-10-22 17:28:22,1460.5,14170.79,25.102,1.09,8.0
2025-10-22 19:05:18,0.0,0.0,0.0,0.0,0.0,2025-10-22 17:28:22,1460.5,14170.79,25.102,1.09,8.0
2025-10-22 20:16:56,0.0,0.0,0.0,0.0,0.0,2025-10-22 19:26:08,1456.0,14298.26,24.885,1.09,8.0
2025-10-22 20:25:25,0.0,0.0,0.0,0.0,0.0,2025-10-22 19:26:08,1456.0,14298.26,24.885,1.09,8.0
2025-10-22 21:03:00,0.0,0.0,0.0,0.0,0.0,2025-10-22 19:26:08,1456.0,14298.26,24.885,1.09,8.0
2025-10-22 22:14:40,0.0,0.0,0.0,0.0,0.0,2025-10-22 21:23:54,1465.0,14435.3,24.834,1.09,8.0
2025-10-22 22:23:06,0.0,0.0,0.0,0.0,0.0,2025-10-22 21:23:54,1465.0,14435.3,24.834,1.09,8.0
2025-10-22 23:00:42,0.0,0.0,0.0,0.0,0.0,2025-10-22 21:23:54,1465.0,14435.3,24.834,1.09,8.0
2025-10-23 00:12:24,0.0,0.0,0.0,0.0,0.0,2025-10-22 23:21:40,1463.0,14556.03,24.0845,1.09,8.0
2025-10-23 00:20:47,0.0,0.0,0.0,0.0,0.0,2025-10-22 23:21:40,1463.0,14556.03,24.0845,1.09,8.0
2025-10-23 00:58:24,0.0,0.0,0.0,0.0,0.0,2025-10-22 23:21:40,1463.0,14556.03,24.0845,1.09,8.0
2025-10-23 02:10:08,0.0,0.0,0.0,0.0,0.0,2025-10-23 01:19:26,1461.0,14682.585,23.949,1.09,12.0
2025-10-23 02:18:28,0.0,0.0,0.0,0.0,0.0,2025-10-23 01:19:26,1461.0,14682.585,23.949,1.09,12.0
2025-10-23 02:56:06,0.0,0.0,0.0,0.0,0.0,2025-10-23 01:19:26,1461.0,14682.585,23.949,1.09,12.0
2025-10-23 04:07:52,0.0,0.0,0.0,0.0,0.0,2025-10-23 03:17:12,1452.0,14810.51,23.597,1.09,12.0
2025-10-23 04:16:09,0.0,0.0,0.0,0.0,0.0,2025-10-23 03:17:12,1452.0,14810.51,23.597,1.09,12.0
2025-10-23 04:53:48,0.0,0.0,0.0,0.0,0.0,2025-10-23 03:17:12,1452.0,14810.51,23.597,1.09,12.0
2025-10-23 05:00:00,0.0,0.0,0.0,0.0,0.0,2025-10-23 03:17:12,1452.0,14810.51,23.597,1.09,12.0
2025-10-23 06:05:36,0.0,0.0,0.0,0.0,0.0,2025-10-23 05:14:58,1474.0,14936.005,23.357,1.09,12.0
2025-10-23 06:13:50,0.0,0.0,0.0,0.0,0.0,2025-10-23 05:14:58,1474.0,14936.005,23.357,1.09,12.0
2025-10-23 06:51:30,0.0,0.0,0.0,0.0,0.0,2025-10-23 05:14:58,1474.0,14936.005,23.357,1.09,12.0
2025-10-23 08:03:20,0.0,0.0,0.0,0.0,0.0,2025-10-23 07:12:44,1501.0,15063.79,25.006,1.09,12.0
2025-10-23 08:11:31,0.0,0.0,0.0,0.0,0.0,2025-10-23 07:12:44,1501.0,15063.79,25.006,1.09,12.0
2025-10-23 08:49:12,0.0,0.0,0.0,0.0,0.0,2025-10-23 07:12:44,1501.0,15063.79,25.006,1.09,12.0
2025-10-23 10:01:04,0.0,0.0,0.0,0.0,0.0,2025-10-23 09:10:30,1527.0,15199.7,25.991,1.09,12.0
2025-10-23 10:09:12,0.0,0.0,0.0,0.0,0.0,2025-10-23 09:10:30,1527.0,15199.7,25.991,1.09,12.0
2025-10-23 10:46:54,0.0,0.0,0.0,0.0,0.0,2025-10-23 09:10:30,1527.0,15199.7,25.991,1.09,12.0
2025-10-23 11:58:48,0.0,0.0,0.0,0.0,0.0,2025-10-23 11:08:16,1534.0,15323.8,25.9165,1.09,12.0
2025-10-23 12:06:53,0.0,0.0,0.0,0.0,0.0,2025-10-23 11:08:16,1534.0,15323.8,25.9165,1.09,12.0
2025-10-23 12:44:36,0.0,0.0,0.0,0.0,0.0,2025-10-23 11:08:16,1534.0,15323.8,25.9165,1.09,12.0
2025-10-23 13:56:32,0.0,0.0,0.0,0.0,0.0,2025-10-23 13:06:02,1524.0,15452.655,25.6605,1.09,12.0
2025-10-23 14:04:34,0.0,0.0,0.0,0.0,0.0,2025-10-23 13:06:02,1524.0,15452.655,25.6605,1.09,12.0
2025-10-23 14:42:18,0.0,0.0,0.0,0.0,0.0,2025-10-23 13:06:02,1524.0,15452.655,25.6605,1.09,12.0
2025-10-23 15:54:16,0.0,0.0,0.0,0.0,0.0,2025-10-23 15:03:48,1526.0,15578.455,25.658,1.09,12.0
2025-10-23 16:02:15,0.0,0.0,0.0,0.0,0.0,2025-10-23 15:03:48,1526.0,15578.455,25.658,1.09,12.0
2025-10-23 16:40:00,0.0,0.0,0.0,0.0,0.0,2025-10-23 15:03:48,1526.0,15578.455,25.658,1.09,12.0
2025-10-23 17:52:00,0.0,0.0,0.0,0.0,0.0,2025-10-23 17:01:34,1543.0,15714.175,26.028,1.09,12.0
2025-10-23 17:59:56,0.0,0.0,0.0,0.0,0.0,2025-10-23 17:01:34,1543.0,15714.175,26.028,1.09,12.0
2025-10-23 18:37:42,0.0,0.0,0.0,0.0,0.0,2025-10-23 17:01:34,1543.0,15714.175,26.028,1.09,12.0
2025-10-23 19:49:44,0.0,0.0,0.0,0.0,0.0,2025-10-23 18:59:20,1545.0,15834.725,25.965,1.09,12.0
2025-10-23 19:57:37,0.0,0.0,0.0,0.0,0.0,2025-10-23 18:59:20,1545.0,15834.725,25.965,1.09,12.0
2025-10-23 20:35:24,0.0,0.0,0.0,0.0,0.0,2025-10-23 18:59:20,1545.0,15834.725,25.965,1.09,12.0
2025-10-23 21:47:28,0.0,0.0,0.0,0.0,0.0,2025-10-23 20:57:06,1559.0,15960.28,26.1985,1.09,12.0
2025-10-23 21:55:18,0.0,0.0,0.0,0.0,0.0,2025-10-23 20:57:06,1559.0,15960.28,26.1985,1.09,12.0
2025-10-23 22:33:06,0.0,0.0,0.0,0.0,0.0,2025-10-23 20:57:06,1559.0,15960.28,26.1985,1.09,12.0
2025-10-23 23:45:12,0.0,0.0,0.0,0.0,0.0,2025-10-23 22:54:52,1570.0,16082.98,24.931,1.09,12.0
2025-10-23 23:52:59,0.0,0.0,0.0,0.0,0.0,2025-10-23 22:54:52,1570.0,16082.98,24.931,1.09,12.0
2025-10-24 00:30:48,0.0,0.0,0.0,0.0,0.0,2025-10-23 22:54:52,1570.0,16082.98,24.931,1.09,12.0
2025-10-24 01:42:56,0.0,0.0,0.0,0.0,0.0,2025-10-24 00:52:38,1563.0,16220.665,24.855,1.09,12.0
2025-10-24 01:50:40,0.0,0.0,0.0,0.0,0.0,2025-10-24 00:52:38,1563.0,16220.665,24.855,1.09,12.0
2025-10-24 02:28:30,0.0,0.0,0.0,0.0,0.0,2025-10-24 00:52:38,1563.0,16220.665,24.855,1.09,12.0
2025-10-24 03:40:40,0.0,0.0,0.0,0.0,0.0,2025-10-24 02:50:24,1548.0,16348.26,24.506,1.08,12.0
2025-10-24 03:48:21,0.0,0.0,0.0,0.0,0.0,2025-10-24 02:50:24,1548.0,16348.26,24.506,1.08,12.0
2025-10-24 04:26:12,0.0,0.0,0.0,0.0,0.0,2025-10-24 02:50:24,1548.0,16348.26,24.506,1.08,12.0
2025-10-24 05:00:00,0.0,0.0,0.0,0.0,0.0,2025-10-24 04:48:10,1540.0,16479.385,24.076,1.08,12.0
2025-10-24 05:38:24,0.0,0.0,0.0,0.0,0.0,2025-10-24 04:48:10,1540.0,16479.385,24.076,1.08,12.0
2025-10-24 05:46:02,0.0,0.0,0.0,0.0,0.0,2025-10-24 04:48:10,1540.0,16479.385,24.076,1.08,12.0
2025-10-24 06:23:54,0.0,0.0,0.0,0.0,0.0,2025-10-24 04:48:10,1540.0,16479.385,24.076,1.08,12.0
2025-10-24 07:36:08,0.0,0.0,0.0,0.0,0.0,2025-10-24 06:45:56,1552.0,16597.13,24.509,1.08,12.0
2025-10-24 07:43:43,0.0,0.0,0.0,0.0,0.0,2025-10-24 06:45:56,1552.0,16597.13,24.509,1.08,12.0
2025-10-24 08:21:36,0.0,0.0,0.0,0.0,0.0,2025-10-24 06:45:56,1552.0,16597.13,24.509,1.08,12.0
2025-10-24 09:33:52,0.0,0.0,0.0,0.0,0.0,2025-10-24 08:43:42,1587.0,16732.29,25.2825,1.08,12.0
2025-10-24 09:41:24,0.0,0.0,0.0,0.0,0.0,2025-10-24 08:43:42,1587.0,16732.29,25.2825,1.08,12.0
2025-10-24 10:19:18,0.0,0.0,0.0,0.0,0.0,2025-10-24 08:43:42,1587.0,16732.29,25.2825,1.08,12.0
2025-10-24 11:31:36,0.0,0.0,0.0,0.0,0.0,2025-10-24 10:41:28,1601.0,16848.99,25.528,1.08,12.0
2025-10-24 11:39:05,0.0,0.0,0.0,0.0,0.0,2025-10-24 10:41:28,1601.0,16848.99,25.528,1.08,12.0
2025-10-24 12:17:00,0.0,0.0,0.0,0.0,0.0,2025-10-24 10:41:28,1601.0,16848.99,25.528,1.08,12.0
2025-10-24 13:29:20,0.0,0.0,0.0,0.0,0.0,2025-10-24 12:39:14,1535.5,16989.21,23.422,1.08,12.0
2025-10-24 13:36:46,0.0,0.0,0.0,0.0,0.0,2025-10-24 12:39:14,1535.5,16989.21,23.422,1.08,12.0
2025-10-24 14:14:42,0.0,0.0,0.0,0.0,0.0,2025-10-24 12:39:14,1535.5,16989.21,23.422,1.08,12.0
2025-10-24 15:27:04,0.0,0.0,0.0,0.0,0.0,2025-10-24 14:37:00,1496.5,17107.65,22.087,1.08,12.0
2025-10-24 15:34:27,0.0,0.0,0.0,0.0,0.0,2025-10-24 14:37:00,1496.5,17107.65,22.087,1.08,12.0
2025-10-24 16:12:24,0.0,0.0,0.0,0.0,0.0,2025-10-24 14:37:00,1496.5,17107.65,22.087,1.08,12.0
2025-10-24 17:24:48,0.0,0.0,0.0,0.0,0.0,2025-10-24 16:34:46,1497.0,17238.54,22.029,1.08,12.0
2025-10-24 17:32:08,0.0,0.0,0.0,0.0,0.0,2025-10-24 16:34:46,1497.0,17238.54,22.029,1.08,12.0
2025-10-24 18:10:06,0.0,0.0,0.0,0.0,0.0,2025-10-24 16:34:46,1497.0,17238.54,22.029,1.08,12.0
2025-10-24 19:22:32,0.0,0.0,0.0,0.0,0.0,2025-10-24 18:32:32,1513.0,17371.07,22.369,1.08,12.0
2025-10-24 19:29:49,0.0,0.0,0.0,0.0,0.0,2025-10-24 18:32:32,1513.0,17371.07,22.369,1.08,12.0
2025-10-24 20:07:48,0.0,0.0,0.0,0.0,0.0,2025-10-24 18:32:32,1513.0,17371.07,22.369,1.08,12.0
2025-10-24 21:20:16,0.0,0.0,0.0,0.0,0.0,2025-10-24 20:30:18,1519.0,17502.66,22.314,1.09,12.0
2025-10-24 21:27:30,0.0,0.0,0.0,0.0,0.0,2025-10-24 20:30:18,1519.0,17502.66,22.314,1.09,12.0
2025-10-24 22:05:30,0.0,0.0,0.0,0.0,0.0,2025-10-24 20:30:18,1519.0,17502.66,22.314,1.09,12.0
2025-10-24 23:18:00,0.0,0.0,0.0,0.0,0.0,2025-10-24 22:28:04,1543.0,17623.365,21.377,1.08,12.0
2025-10-24 23:25:11,0.0,0.0,0.0,0.0,0.0,2025-10-24 22:28:04,1543.0,17623.365,21.377,1.08,12.0
2025-10-25 00:03:12,0.0,0.0,0.0,0.0,0.0,2025-10-24 22:28:04,1543.0,17623.365,21.377,1.08,12.0
2025-10-25 01:15:44,0.0,0.0,0.0,0.0,0.0,2025-10-25 00:25:50,1518.0,17739.88,21.026,1.08,12.0
2025-10-25 01:22:52,0.0,0.0,0.0,0.0,0.0,2025-10-25 00:25:50,1518.0,17739.88,21.026,1.08,12.0
2025-10-25 02:00:54,0.0,0.0,0.0,0.0,0.0,2025-10-25 00:25:50,1518.0,17739.88,21.026,1.08,12.0
2025-10-25 03:13:28,0.0,0.0,0.0,0.0,0.0,2025-10-25 02:23:36,1596.0,17878.01,23.1295,1.08,12.0
2025-10-25 03:20:33,0.0,0.0,0.0,0.0,0.0,2025-10-25 02:23:36,1596.0,17878.01,23.1295,1.08,12.0
2025-10-25 03:58:36,0.0,0.0,0.0,0.0,0.0,2025-10-25 02:23:36,1596.0,17878.01,23.1295,1.08,12.0
2025-10-25 05:00:00,0.0,0.0,0.0,0.0,0.0,2025-10-25 04:21:22,1644.0,18006.42,24.224,1.08,12.0
2025-10-25 05:11:12,0.0,0.0,0.0,0.0,0.0,2025-10-25 04:21:22,1644.0,18006.42,24.224,1.08,12.0
2025-10-25 05:18:14,0.0,0.0,0.0,0.0,0.0,2025-10-25 04:21:22,1644.0,18006.42,24.224,1.08,12.0
2025-10-25 05:56:18,0.0,0.0,0.0,0.0,0.0,2025-10-25 04:21:22,1644.0,18006.42,24.224,1.08,12.0
2025-10-25 07:08:56,0.0,0.0,0.0,0.0,0.0,2025-10-25 06:19:08,1665.0,18122.25,24.8605,1.09,12.0
2025-10-25 07:15:55,0.0,0.0,0.0,0.0,0.0,2025-10-25 06:19:08,1665.0,18122.25,24.8605,1.09,12.0
2025-10-25 07:54:00,0.0,0.0,0.0,0.0,0.0,2025-10-25 06:19:08,1665.0,18122.25,24.8605,1.09,12.0
2025-10-25 09:06:40,0.0,0.0,0.0,0.0,0.0,2025-10-25 08:16:54,1705.0,18259.745,25.67,1.09,12.0
2025-10-25 09:13:36,0.0,0.0,0.0,0.0,0.0,2025-10-25 08:16:54,1705.0,18259.745,25.67,1.09,12.0
2025-10-25 09:51:42,0.0,0.0,0.0,0.0,0.0,2025-10-25 08:16:54,1705.0,18259.745,25.67,1.09,12.0
2025-10-25 11:04:24,0.0,0.0,0.0,0.0,0.0,2025-10-25 10:14:40,1715.0,18396.73,25.936,1.09,12.0
2025-10-25 11:11:17,0.0,0.0,0.0,0.0,0.0,2025-10-25 10:14:40,1715.0,18396.73,25.936,1.09,12.0
2025-10-25 11:49:24,0.0,0.0,0.0,0.0,0.0,2025-10-25 10:14:40,1715.0,18396.73,25.936,1.09,12.0
2025-10-25 13:02:08,0.0,0.0,0.0,0.0,0.0,2025-10-25 12:12:26,1718.5,18517.91,25.278,1.08,12.0
2025-10-25 13:08:58,0.0,0.0,0.0,0.0,0.0,2025-10-25 12:12:26,1718.5,18517.91,25.278,1.08,12.0
2025-10-25 13:47:06,0.0,0.0,0.0,0.0,0.0,2025-10-25 12:12:26,1718.5,18517.91,25.278,1.08,12.0
2025-10-25 14:59:52,0.0,0.0,0.0,0.0,0.0,2025-10-25 14:10:12,1729.0,18646.87,25.425,1.08,12.0
2025-10-25 15:06:39,0.0,0.0,0.0,0.0,0.0,2025-10-25 14:10:12,1729.0,18646.87,25.425,1.08,12.0
2025-10-25 15:44:48,0.0,0.0,10.0,10.0,0.0,2025-10-25 14:10:12,1729.0,18646.87,25.425,1.08,12.0
2025-10-25 16:57:36,0.0,0.0,0.0,0.0,0.0,2025-10-25 16:07:58,1727.0,18769.39,25.449,1.08,12.0
2025-10-25 17:04:20,0.0,0.0,0.0,0.0,10.0,2025-10-25 16:07:58,1727.0,18769.39,25.449,1.08,12.0
2025-10-25 17:42:30,0.0,0.0,10.0,10.0,0.0,2025-10-25 16:07:58,1727.0,18769.39,25.449,1.08,12.0
2025-10-25 18:55:20,0.0,0.0,0.0,0.0,0.0,2025-10-25 18:05:44,1486.0,18907.6,25.855,1.07,12.0
2025-10-25 19:02:01,0.0,0.0,0.0,0.0,0.0,2025-10-25 18:05:44,1486.0,18907.6,25.855,1.07,12.0
2025-10-25 19:40:12,0.0,0.0,10.0,10.0,0.0,2025-10-25 18:05:44,1486.0,18907.6,25.855,1.07,12.0
2025-10-25 20:53:04,0.0,0.0,0.0,0.0,0.0,2025-10-25 20:03:30,1453.0,19024.13,25.867,1.08,12.0
2025-10-25 20:59:42,0.0,0.0,0.0,0.0,10.0,2025-10-25 20:03:30,1453.0,19024.13,25.867,1.08,12.0
2025-10-25 21:37:54,0.0,0.0,10.0,10.0,0.0,2025-10-25 20:03:30,1453.0,19024.13,25.867,1.08,12.0
2025-10-25 22:50:48,0.0,0.0,0.0,0.0,0.0,2025-10-25 22:01:16,1470.0,19153.16,25.322,1.1,12.0
2025-10-25 22:57:23,0.0,0.0,0.0,0.0,0.0,2025-10-25 22:01:16,1470.0,19153.16,25.322,1.1,12.0
2025-10-25 23:35:36,0.0,0.0,0.0,0.0,0.0,2025-10-25 22:01:16,1470.0,19153.16,25.322,1.1,12.0
2025-10-26 00:48:32,0.0,0.0,0.0,0.0,0.0,2025-10-25 23:59:02,1434.0,19282.5,24.182,1.1,12.0
2025-10-26 00:55:04,0.0,0.0,0.0,0.0,0.0,2025-10-25 23:59:02,1434.0,19282.5,24.182,1.1,12.0
2025-10-26 01:33:18,0.0,0.0,0.0,0.0,0.0,2025-10-25 23:59:02,1434.0,19282.5,24.182,1.1,12.0
2025-10-26 02:46:16,0.0,0.0,0.0,0.0,0.0,2025-10-26 01:56:48,1444.0,19411.75,24.46,1.1,12.0
2025-10-26 02:52:45,0.0,0.0,0.0,0.0,0.0,2025-10-26 01:56:48,1444.0,19411.75,24.46,1.1,12.0
2025-10-26 03:31:00,0.0,0.0,0.0,0.0,0.0,2025-10-26 01:56:48,1444.0,19411.75,24.46,1.1,12.0
2025-10-26 04:44:00,0.0,0.0,0.0,0.0,0.0,2025-10-26 03:54:34,1442.0,19540.89,24.561,1.1,12.0
2025-10-26 04:50:26,0.0,0.0,0.0,0.0,0.0,2025-10-26 03:54:34,1442.0,19540.89,24.561,1.1,12.0
2025-10-26 05:28:42,0.0,0.0,0.0,0.0,0.0,2025-10-26 03:54:34,1442.0,19540.89,24.561,1.1,12.0
2025-10-26 06:41:44,0.0,0.0,0.0,0.0,0.0,2025-10-26 05:52:20,1440.0,19669.75,24.55,1.09,12.0
2025-10-26 06:48:07,0.0,0.0,0.0,0.0,0.0,2025-10-26 05:52:20,1440.0,19669.75,24.55,1.09,12.0
2025-10-26 07:26:24,0.0,0.0,0.0,0.0,0.0,2025-10-26 05:52:20,1440.0,19669.75,24.55,1.09,12.0
2025-10-26 08:39:28,0.0,0.0,0.0,0.0,0.0,2025-10-26 07:50:06,1446.0,19798.68,23.871,1.1,12.0
2025-10-26 08:45:48,0.0,0.0,0.0,0.0,0.0,2025-10-26 07:50:06,1446.0,19798.68,23.871,1.1,12.0
2025-10-26 09:24:06,0.0,0.0,0.0,0.0,0.0,2025-10-26 07:50:06,1446.0,19798.68,23.871,1.1,12.0
2025-10-26 10:37:12,0.0,0.0,0.0,0.0,0.0,2025-10-26 09:47:52,1456.0,19927.75,24.202,1.09,12.0
2025-10-26 10:43:29,0.0,0.0,0.0,0.0,0.0,2025-10-26 09:47:52,1456.0,19927.75,24.202,1.09,12.0
2025-10-26 11:21:48,0.0,0.0,0.0,0.0,0.0,2025-10-26 09:47:52,1456.0,19927.75,24.202,1.09,12.0
2025-10-26 12:34:56,0.0,0.0,0.0,0.0,0.0,2025-10-26 11:45:38,1466.0,20056.71,24.341,1.09,12.0
2025-10-26 12:41:10,0.0,0.0,0.0,0.0,0.0,2025-10-26 11:45:38,1466.0,20056.71,24.341,1.09,12.0
2025-10-26 13:19:30,0.0,0.0,0.0,0.0,0.0,2025-10-26 11:45:38,1466.0,20056.71,24.341,1.09,12.0
2025-10-26 14:32:40,0.0,0.0,0.0,0.0,0.0,2025-10-26 13:43:24,1469.0,20185.25,24.384,1.09,12.0
2025-10-26 14:38:51,0.0,0.0,0.0,0.0,10.0,2025-10-26 13:43:24,1469.0,20185.25,24.384,1.09,12.0
2025-10-26 15:17:12,0.0,0.0,10.0,10.0,0.0,2025-10-26 13:43:24,1469.0,20185.25,24.384,1.09,12.0
2025-10-26 16:30:24,0.0,0.0,0.0,0.0,0.0,2025-10-26 15:41:10,1595.0,20313.41,24.513,1.09,12.0
2025-10-26 16:36:32,0.0,0.0,0.0,0.0,10.0,2025-10-26 15:41:10,1595.0,20313.41,24.513,1.09,12.0
2025-10-26 16:53:00,0.0,0.0,0.0,0.0,0.0,2025-10-26 15:41:10,1595.0,20313.41,24.513,1.09,12.0
2025-10-26 17:14:54,0.0,0.0,10.0,10.0,0.0,2025-10-26 15:41:10,1595.0,20313.41,24.513,1.09,12.0
2025-10-26 18:28:08,0.0,0.0,0.0,0.0,0.0,2025-10-26 17:38:56,1609.0,20440.82,24.9515,1.09,12.0
2025-10-26 18:34:13,0.0,0.0,0.0,0.0,10.0,2025-10-26 17:38:56,1609.0,20440.82,24.9515,1.09,12.0
2025-10-26 19:12:36,0.0,0.0,10.0,10.0,0.0,2025-10-26 17:38:56,1609.0,20440.82,24.9515,1.09,12.0
2025-10-26 20:25:52,0.0,0.0,0.0,0.0,0.0,2025-10-26 19:36:42,1676.0,20570.85,25.422,1.09,12.0
2025-10-26 20:31:54,0.0,0.0,0.0,0.0,0.0,2025-10-26 19:36:42,1676.0,20570.85,25.422,1.09,12.0
2025-10-26 21:10:18,0.0,0.0,0.0,0.0,0.0,2025-10-26 19:36:42,1676.0,20570.85,25.422,1.09,12.0
2025-10-26 22:23:36,0.0,0.0,0.0,0.0,0.0,2025-10-26 21:34:28,1693.0,20699.52,25.545,1.09,12.0
2025-10-26 22:29:35,0.0,0.0,0.0,0.0,0.0,2025-10-26 21:34:28,1693.0,20699.52,25.545,1.09,12.0
2025-10-26 23:08:00,0.0,0.0,0.0,0.0,0.0,2025-10-26 21:34:28,1693.0,20699.52,25.545,1.09,12.0
2025-10-27 00:21:20,0.0,0.0,0.0,0.0,0.0,2025-10-26 23:32:14,1722.0,20827.74,25.046,1.09,12.0
2025-10-27 00:27:16,0.0,0.0,0.0,0.0,0.0,2025-10-26 23:32:14,1722.0,20827.74,25.046,1.09,12.0
2025-10-27 01:05:42,0.0,0.0,0.0,0.0,0.0,2025-10-26 23:32:14,1722.0,20827.74,25.046,1.09,12.0
2025-10-27 02:19:04,0.0,0.0,0.0,0.0,0.0,2025-10-27 01:30:00,1702.0,20955.955,24.321,1.09,16.0
2025-10-27 02:24:57,0.0,0.0,0.0,0.0,0.0,2025-10-27 01:30:00,1702.0,20955.955,24.321,1.09,16.0
2025-10-27 03:03:24,0.0,0.0,0.0,0.0,0.0,2025-10-27 01:30:00,1702.0,20955.955,24.321,1.09,16.0
2025-10-27 04:16:48,0.0,0.0,0.0,0.0,0.0,2025-10-27 03:27:46,1693.0,21084.04,24.184,1.09,16.0
2025-10-27 04:22:38,0.0,0.0,0.0,0.0,0.0,2025-10-27 03:27:46,1693.0,21084.04,24.184,1.09,16.0
2025-10-27 05:00:00,0.0,0.0,0.0,0.0,0.0,2025-10-27 03:27:46,1693.0,21084.04,24.184,1.09,16.0
2025-10-27 05:01:06,0.0,0.0,0.0,0.0,0.0,2025-10-27 03:27:46,1693.0,21084.04,24.184,1.09,16.0
2025-10-27 06:14:32,0.0,0.0,0.0,0.0,0.0,2025-10-27 05:25:32,1685.0,21211.97,24.069,1.09,16.0
2025-10-27 06:20:19,0.0,0.0,0.0,0.0,0.0,2025-10-27 05:25:32,1685.0,21211.97,24.069,1.09,16.0
2025-10-27 06:58:48,0.0,0.0,0.0,0.0,0.0,2025-10-27 05:25:32,1685.0,21211.97,24.069,1.09,16.0
2025-10-27 08:12:16,0.0,0.0,0.0,0.0,0.0,2025-10-27 07:23:18,1683.0,21339.78,24.295,1.09,16.0
2025-10-27 08:18:00,0.0,0.0,0.0,0.0,0.0,2025-10-27 07:23:18,1683.0,21339.78,24.295,1.09,16.0
2025-10-27 08:56:30,0.0,0.0,0.0,0.0,0.0,2025-10-27 07:23:18,1683.0,21339.78,24.295,1.09,16.0
2025-10-27 10:10:00,0.0,0.0,0.0,0.0,0.0,2025-10-27 09:21:04,1692.0,21467.575,24.53,1.09,16.0
2025-10-27 10:15:41,0.0,0.0,0.0,0.0,0.0,2025-10-27 09:21:04,1692.0,21467.575,24.53,1.09,16.0
2025-10-27 10:54:12,0.0,0.0,0.0,0.0,0.0,2025-10-27 09:21:04,1692.0,21467.575,24.53,1.09,16.0
2025-10-27 12:07:44,0.0,0.0,0.0,0.0,0.0,2025-10-27 11:18:50,1699.0,21595.61,24.68,1.09,16.0
2025-10-27 12:13:22,0.0,0.0,0.0,0.0,0.0,2025-10-27 11:18:50,1699.0,21595.61,24.68,1.09,16.0
2025-10-27 12:51:54,0.0,0.0,0.0,0.0,0.0,2025-10-27 11:18:50,1699.0,21595.61,24.68,1.09,16.0
2025-10-27 14:05:28,0.0,0.0,0.0,0.0,0.0,2025-10-27 13:16:36,1697.0,21665.735,24.734,1.08,16.0
2025-10-27 14:11:03,0.0,0.0,0.0,0.0,0.0,2025-10-27 13:16:36,1697.0,21665.735,24.734,1.08,16.0
2025-10-27 14:49:36,0.0,0.0,0.0,0.0,0.0,2025-10-27 13:16:36,1697.0,21665.735,24.734,1.08,16.0
2025-10-27 16:03:12,0.0,0.0,0.0,0.0,0.0,2025-10-27 15:14:22,1786.0,21888.775,29.236,1.19,16.0
2025-10-27 16:08:44,0.0,0.0,0.0,0.0,0.0,2025-10-27 15:14:22,1786.0,21888.775,29.236,1.19,16.0
2025-10-27 16:47:18,0.0,0.0,0.0,0.0,0.0,2025-10-27 15:14:22,1786.0,21888.775,29.236,1.19,16.0
2025-10-27 18:00:56,0.0,0.0,0.0,0.0,0.0,2025-10-27 17:12:08,1777.0,21952.09,28.966,1.19,16.0
2025-10-27 18:06:25,0.0,0.0,0.0,0.0,0.0,2025-10-27 17:12:08,1777.0,21952.09,28.966,1.19,16.0
2025-10-27 18:45:00,0.0,0.0,0.0,0.0,0.0,2025-10-27 17:12:08,1777.0,21952.09,28.966,1.19,16.0
2025-10-27 19:58:40,0.0,0.0,0.0,0.0,0.0,2025-10-27 19:09:54,1884.0,22191.19,31.061,1.19,16.0
2025-10-27 20:04:06,0.0,0.0,0.0,0.0,0.0,2025-10-27 19:09:54,1884.0,22191.19,31.061,1.19,16.0
2025-10-27 20:42:42,0.0,0.0,0.0,0.0,0.0,2025-10-27 19:09:54,1884.0,22191.19,31.061,1.19,16.0
2025-10-27 21:56:24,0.0,0.0,0.0,0.0,0.0,2025-10-27 21:07:40,1840.0,22272.545,29.615,1.19,16.0
2025-10-27 22:01:47,0.0,0.0,0.0,0.0,0.0,2025-10-27 21:07:40,1840.0,22272.545,29.615,1.19,16.0
2025-10-27 22:40:24,0.0,0.0,0.0,0.0,0.0,2025-10-27 21:07:40,1840.0,22272.545,29.615,1.19,16.0
2025-10-27 23:54:08,0.0,0.0,0.0,0.0,0.0,2025-10-27 23:05:26,1800.0,22410.36,27.1885,1.18,16.0
2025-10-27 23:59:28,0.0,0.0,0.0,0.0,0.0,2025-10-27 23:05:26,1800.0,22410.36,27.1885,1.18,16.0
2025-10-28 00:38:06,0.0,0.0,0.0,0.0,0.0,2025-10-27 23:05:26,1800.0,22410.36,27.1885,1.18,16.0
2025-10-28 01:51:52,0.0,0.0,0.0,0.0,0.0,2025-10-28 01:03:12,1753.0,22549.305,25.7635,1.17,16.0
2025-10-28 01:57:09,0.0,0.0,0.0,0.0,0.0,2025-10-28 01:03:12,1753.0,22549.305,25.7635,1.17,16.0
2025-10-28 02:35:48,0.0,0.0,0.0,0.0,0.0,2025-10-28 01:03:12,1753.0,22549.305,25.7635,1.17,16.0
2025-10-28 03:49:36,0.0,0.0,0.0,0.0,0.0,2025-10-28 03:00:58,1723.0,22686.395,25.033,1.17,16.0
2025-10-28 03:54:50,0.0,0.0,0.0,0.0,0.0,2025-10-28 03:00:58,1723.0,22686.395,25.033,1.17,16.0
2025-10-28 04:33:30,0.0,0.0,0.0,0.0,0.0,2025-10-28 03:00:58,1723.0,22686.395,25.033,1.17,16.0
2025-10-28 05:00:00,0.0,0.0,0.0,0.0,0.0,2025-10-28 04:58:44,1709.0,22824.02,24.789,1.17,16.0
2025-10-28 05:47:20,0.0,0.0,0.0,0.0,0.0,2025-10-28 04:58:44,1709.0,22824.02,24.789,1.17,16.0
2025-10-28 05:52:31,0.0,0.0,0.0,0.0,0.0,2025-10-28 04:58:44,1709.0,22824.02,24.789,1.17,16.0
2025-10-28 06:31:12,0.0,0.0,0.0,0.0,0.0,2025-10-28 04:58:44,1709.0,22824.02,24.789,1.17,16.0
2025-10-28 07:45:04,0.0,0.0,0.0,0.0,0.0,2025-10-28 06:56:30,1690.0,22962.51,24.764,1.18,16.0
2025-10-28 07:50:12,0.0,0.0,0.0,0.0,0.0,2025-10-28 06:56:30,1690.0,22962.51,24.764,1.18,16.0
2025-10-28 08:28:54,0.0,0.0,0.0,0.0,0.0,2025-10-28 06:56:30,1690.0,22962.51,24.764,1.18,16.0
2025-10-28 09:42:48,0.0,0.0,0.0,0.0,0.0,2025-10-28 08:54:16,1692.0,23102.19,24.918,1.18,16.0
2025-10-28 09:47:53,0.0,0.0,0.0,0.0,0.0,2025-10-28 08:54:16,1692.0,23102.19,24.918,1.18,16.0
2025-10-28 10:26:36,0.0,0.0,0.0,0.0,0.0,2025-10-28 08:54:16,1692.0,23102.19,24.918,1.18,16.0
2025-10-28 11:17:00,0.0,0.0,0.0,0.0,0.0,2025-10-28 10:52:02,1689.0,23241.54,24.677,1.18,16.0
2025-10-28 11:40:32,0.0,0.0,0.0,0.0,0.0,2025-10-28 10:52:02,1689.0,23241.54,24.677,1.18,16.0
2025-10-28 11:45:34,0.0,0.0,0.0,0.0,0.0,2025-10-28 10:52:02,1689.0,23241.54,24.677,1.18,16.0
2025-10-28 12:24:18,0.0,0.0,0.0,0.0,0.0,2025-10-28 10:52:02,1689.0,23241.54,24.677,1.18,16.0
2025-10-28 13:38:16,0.0,0.0,0.0,0.0,0.0,2025-10-28 12:49:48,1658.0,23380.39,23.8435,1.17,16.0
2025-10-28 13:43:15,0.0,0.0,0.0,0.0,0.0,2025-10-28 12:49:48,1658.0,23380.39,23.8435,1.17,16.0
2025-10-28 14:22:00,0.0,0.0,0.0,0.0,0.0,2025-10-28 12:49:48,1658.0,23380.39,23.8435,1.17,16.0
2025-10-28 15:36:00,0.0,0.0,0.0,0.0,0.0,2025-10-28 14:47:34,1642.0,23517.68,23.506,1.17,16.0
2025-10-28 15:40:56,0.0,0.0,0.0,0.0,0.0,2025-10-28 14:47:34,1642.0,23517.68,23.506,1.17,16.0
2025-10-28 16:19:42,0.0,0.0,0.0,0.0,0.0,2025-10-28 14:47:34,1642.0,23517.68,23.506,1.17,16.0
2025-10-28 17:33:44,0.0,0.0,0.0,0.0,0.0,2025-10-28 16:45:20,1658.0,23654.99,23.689,1.17,16.0
2025-10-28 17:38:37,0.0,0.0,0.0,0.0,0.0,2025-10-28 16:45:20,1658.0,23654.99,23.689,1.17,16.0
2025-10-28 18:17:24,0.0,0.0,0.0,0.0,0.0,2025-10-28 16:45:20,1658.0,23654.99,23.689,1.17,16.0
2025-10-28 19:31:28,0.0,0.0,0.0,0.0,0.0,2025-10-28 18:43:06,1675.0,23792.54,24.053,1.17,16.0
2025-10-28 19:36:18,0.0,0.0,0.0,0.0,0.0,2025-10-28 18:43:06,1675.0,23792.54,24.053,1.17,16.0
2025-10-28 20:15:06,0.0,0.0,0.0,0.0,0.0,2025-10-28 18:43:06,1675.0,23792.54,24.053,1.17,16.0
2025-10-28 21:29:12,0.0,0.0,0.0,0.0,0.0,2025-10-28 20:40:52,1700.0,23930.4,24.603,1.17,16.0
2025-10-28 21:33:59,0.0,0.0,0.0,0.0,0.0,2025-10-28 20:40:52,1700.0,23930.4,24.603,1.17,16.0
2025-10-28 22:12:48,0.0,0.0,0.0,0.0,0.0,2025-10-28 20:40:52,1700.0,23930.4,24.603,1.17,16.0
2025-10-28 23:26:56,0.0,0.0,0.0,0.0,0.0,2025-10-28 22:38:38,1702.0,24068.26,24.275,1.17,16.0
2025-10-28 23:31:40,0.0,0.0,0.0,0.0,0.0,2025-10-28 22:38:38,1702.0,24068.26,24.275,1.17,16.0
2025-10-29 00:10:30,0.0,0.0,0.0,0.0,0.0,2025-10-28 22:38:38,1702.0,24068.26,24.275,1.17,16.0
2025-10-29 01:24:40,0.0,0.0,0.0,0.0,0.0,2025-10-29 00:36:24,1646.0,24205.7,23.031,1.17,16.0
2025-10-29 01:29:21,0.0,0.0,0.0,0.0,0.0,2025-10-29 00:36:24,1646.0,24205.7,23.031,1.17,16.0
2025-10-29 02:08:12,0.0,0.0,0.0,0.0,0.0,2025-10-29 00:36:24,1646.0,24205.7,23.031,1.17,16.0
2025-10-29 03:22:24,0.0,0.0,0.0,0.0,0.0,2025-10-29 02:34:10,1656.0,24343.32,23.128,1.17,16.0
2025-10-29 03:27:02,0.0,0.0,0.0,0.0,0.0,2025-10-29 02:34:10,1656.0,24343.32,23.128,1.17,16.0
2025-10-29 04:05:54,0.0,0.0,0.0,0.0,0.0,2025-10-29 02:34:10,1656.0,24343.32,23.128,1.17,16.0
2025-10-29 05:20:08,0.0,0.0,0.0,0.0,0.0,2025-10-29 04:31:56,1662.0,24480.95,23.335,1.17,16.0
2025-10-29 05:24:43,0.0,0.0,0.0,0.0,0.0,2025-10-29 04:31:56,1662.0,24480.95,23.335,1.17,16.0
2025-10-29 06:03:36,0.0,0.0,0.0,0.0,0.0,2025-10-29 04:31:56,1662.0,24480.95,23.335,1.17,16.0
2025-10-29 07:17:52,0.0,0.0,0.0,0.0,0.0,2025-10-29 06:29:42,1651.5,24618.57,23.694,1.17,16.0
2025-10-29 07:22:24,0.0,0.0,0.0,0.0,0.0,2025-10-29 06:29:42,1651.5,24618.57,23.694,1.17,16.0
2025-10-29 08:01:18,0.0,0.0,0.0,0.0,0.0,2025-10-29 06:29:42,1651.5,24618.57,23.694,1.17,16.0
2025-10-29 09:15:36,0.0,0.0,0.0,0.0,0.0,2025-10-29 08:27:28,1668.0,24756.21,24.08,1.17,16.0
2025-10-29 09:20:05,0.0,0.0,0.0,0.0,0.0,2025-10-29 08:27:28,1668.0,24756.21,24.08,1.17,16.0
2025-10-29 09:59:00,0.0,0.0,0.0,0.0,0.0,2025-10-29 08:27:28,1668.0,24756.21,24.08,1.17,16.0
2025-10-29 11:13:20,0.0,0.0,0.0,0.0,0.0,2025-10-29 10:25:14,1660.0,24893.81,23.933,1.17,16.0
2025-10-29 11:17:46,0.0,0.0,0.0,0.0,0.0,2025-10-29 10:25:14,1660.0,24893.81,23.933,1.17,16.0
2025-10-29 11:56:42,0.0,0.0,0.0,0.0,0.0,2025-10-29 10:25:14,1660.0,24893.81,23.933,1.17,16.0
2025-10-29 13:11:04,0.0,0.0,0.0,0.0,0.0,2025-10-29 12:23:00,1654.0,25031.29,23.843,1.17,16.0
2025-10-29 13:15:27,0.0,0.0,0.0,0.0,0.0,2025-10-29 12:23:00,1654.0,25031.29,23.843,1.17,16.0
2025-10-29 13:54:24,0.0,0.0,0.0,0.0,0.0,2025-10-29 12:23:00,1654.0,25031.29,23.843,1.17,16.0
2025-10-29 15:08:48,0.0,0.0,0.0,0.0,0.0,2025-10-29 14:20:46,1646.0,25168.93,23.681,1.17,16.0
2025-10-29 15:13:08,0.0,0.0,0.0,0.0,0.0,2025-10-29 14:20:46,1646.0,25168.93,23.681,1.17,16.0
2025-10-29 15:52:06,0.0,0.0,0.0,0.0,0.0,2025-10-29 14:20:46,1646.0,25168.93,23.681,1.17,16.0
2025-10-29 17:06:32,0.0,0.0,0.0,0.0,0.0,2025-10-29 16:18:32,1655.0,25306.02,23.723,1.16,16.0
2025-10-29 17:10:00,0.0,0.0,0.0,0.0,0.0,2025-10-29 16:18:32,1655.0,25306.02,23.723,1.16,16.0
2025-10-29 17:10:49,0.0,0.0,0.0,0.0,0.0,2025-10-29 16:18:32,1655.0,25306.02,23.723,1.16,16.0
2025-10-29 17:49:48,0.0,0.0,0.0,0.0,0.0,2025-10-29 16:18:32,1655.0,25306.02,23.723,1.16,16.0
2025-10-29 19:04:16,0.0,0.0,0.0,0.0,0.0,2025-10-29 18:16:18,1668.0,25442.94,24.238,1.17,16.0
2025-10-29 19:08:30,19.87,0.0,0.0,0.0,0.0,2025-10-29 18:16:18,1668.0,25442.94,24.238,1.17,16.0
2025-10-29 19:47:30,0.0,0.0,0.0,0.0,0.0,2025-10-29 18:16:18,1668.0,25442.94,24.238,1.17,16.0
2025-10-29 21:02:00,0.0,0.0,0.0,0.0,0.0,2025-10-29 20:14:04,1691.0,25580.285,25.002,1.17,16.0
2025-10-29 21:06:11,0.0,0.0,0.0,0.0,0.0,2025-10-29 20:14:04,1691.0,25580.285,25.002,1.17,16.0
2025-10-29 21:45:12,0.0,0.0,0.0,0.0,0.0,2025-10-29 20:14:04,1691.0,25580.285,25.002,1.17,16.0
2025-10-29 22:59:44,0.0,0.0,0.0,0.0,0.0,2025-10-29 22:11:50,1706.0,25717.77,47.818,1.17,16.0
2025-10-29 23:03:52,0.0,0.0,0.0,0.0,0.0,2025-10-29 22:11:50,1706.0,25717.77,47.818,1.17,16.0
2025-10-29 23:42:54,0.0,0.0,0.0,0.0,0.0,2025-10-29 22:11:50,1706.0,25717.77,47.818,1.17,16.0
2025-10-30 00:57:28,0.0,0.0,0.0,0.0,0.0,2025-10-30 00:09:36,1704.0,25855.07,24.101,1.17,16.0
2025-10-30 01:01:33,0.0,0.0,0.0,0.0,0.0,2025-10-30 00:09:36,1704.0,25855.07,24.101,1.17,16.0
2025-10-30 01:40:36,0.0,0.0,0.0,0.0,0.0,2025-10-30 00:09:36,1704.0,25855.07,24.101,1.17,16.0
2025-10-30 02:55:12,0.0,0.0,0.0,0.0,0.0,2025-10-30 02:07:22,1705.0,25992.445,24.101,1.16,16.0
2025-10-30 02:59:14,0.0,0.0,0.0,0.0,0.0,2025-10-30 02:07:22,1705.0,25992.445,24.101,1.16,16.0
2025-10-30 03:38:18,0.0,0.0,0.0,0.0,0.0,2025-10-30 02:07:22,1705.0,25992.445,24.101,1.16,16.0
2025-10-30 04:52:56,0.0,0.0,0.0,0.0,0.0,2025-10-30 04:05:08,1703.5,26129.93,23.873,1.16,16.0
2025-10-30 04:56:55,0.0,0.0,0.0,0.0,0.0,2025-10-30 04:05:08,1703.5,26129.93,23.873,1.16,16.0
2025-10-30 05:00:00,0.0,0.0,0.0,0.0,0.0,2025-10-30 04:05:08,1703.5,26129.93,23.873,1.16,16.0
2025-10-30 05:36:00,0.0,0.0,0.0,0.0,0.0,2025-10-30 04:05:08,1703.5,26129.93,23.873,1.16,16.0
2025-10-30 06:50:40,0.0,0.0,0.0,0.0,0.0,2025-10-30 06:02:54,1687.0,26266.12,24.041,1.17,16.0
2025-10-30 06:54:36,0.0,0.0,0.0,0.0,0.0,2025-10-30 06:02:54,1687.0,26266.12,24.041,1.17,16.0
2025-10-30 07:33:42,0.0,0.0,0.0,0.0,0.0,2025-10-30 06:02:54,1687.0,26266.12,24.041,1.17,16.0
2025-10-30 08:48:24,0.0,0.0,0.0,0.0,0.0,2025-10-30 08:00:40,1666.0,26388.11,24.046,1.17,16.0
2025-10-30 08:52:17,0.0,0.0,0.0,0.0,0.0,2025-10-30 08:00:40,1666.0,26388.11,24.046,1.17,16.0
2025-10-30 09:31:24,0.0,0.0,0.0,0.0,0.0,2025-10-30 08:00:40,1666.0,26388.11,24.046,1.17,16.0
2025-10-30 10:46:08,0.0,0.0,0.0,0.0,0.0,2025-10-30 09:58:26,1755.0,26585.1,26.731,1.17,16.0
2025-10-30 10:49:58,0.0,0.0,0.0,0.0,0.0,2025-10-30 09:58:26,1755.0,26585.1,26.731,1.17,16.0
2025-10-30 11:29:06,0.0,0.0,0.0,0.0,0.0,2025-10-30 09:58:26,1755.0,26585.1,26.731,1.17,16.0
2025-10-30 12:43:52,0.0,0.0,0.0,0.0,0.0,2025-10-30 11:56:12,1732.0,26678.855,25.979,1.17,16.0
2025-10-30 12:47:39,0.0,0.0,0.0,0.0,0.0,2025-10-30 11:56:12,1732.0,26678.855,25.979,1.17,16.0
2025-10-30 13:26:48,0.0,0.0,0.0,0.0,0.0,2025-10-30 11:56:12,1732.0,26678.855,25.979,1.17,16.0
2025-10-30 14:41:36,0.0,0.0,0.0,0.0,0.0,2025-10-30 13:53:58,1709.0,26817.965,25.4415,1.17,16.0
2025-10-30 14:45:20,0.0,0.0,0.0,0.0,10.0,2025-10-30 13:53:58,1709.0,26817.965,25.4415,1.17,16.0
2025-10-30 15:24:30,0.0,0.0,10.0,10.0,0.0,2025-10-30 13:53:58,1709.0,26817.965,25.4415,1.17,16.0
2025-10-30 16:39:20,0.0,0.0,0.0,0.0,0.0,2025-10-30 15:51:44,1693.0,26951.075,24.822,1.16,16.0
2025-10-30 16:43:01,0.0,0.0,0.0,0.0,10.0,2025-10-30 15:51:44,1693.0,26951.075,24.822,1.16,16.0
2025-10-30 17:22:12,0.0,0.0,10.0,10.0,0.0,2025-10-30 15:51:44,1693.0,26951.075,24.822,1.16,16.0
2025-10-30 18:37:04,0.0,0.0,0.0,0.0,0.0,2025-10-30 17:49:30,1679.0,27079.385,24.755,1.16,16.0
2025-10-30 18:40:42,0.0,0.0,0.0,0.0,10.0,2025-10-30 17:49:30,1679.0,27079.385,24.755,1.16,16.0
2025-10-30 19:19:54,0.0,0.0,10.0,10.0,0.0,2025-10-30 17:49:30,1679.0,27079.385,24.755,1.16,16.0
2025-10-30 20:34:48,0.0,0.0,0.0,0.0,0.0,2025-10-30 19:47:16,1685.0,27238.04,24.688,1.16,16.0
2025-10-30 20:38:23,0.0,0.0,0.0,0.0,10.0,2025-10-30 19:47:16,1685.0,27238.04,24.688,1.16,16.0
2025-10-30 21:17:36,0.0,0.0,10.0,10.0,0.0,2025-10-30 19:47:16,1685.0,27238.04,24.688,1.16,16.0
2025-10-30 22:32:32,0.0,0.0,0.0,0.0,0.0,2025-10-30 21:45:02,1673.0,27363.795,24.3655,1.16,16.0
2025-10-30 22:36:04,0.0,0.0,0.0,0.0,10.0,2025-10-30 21:45:02,1673.0,27363.795,24.3655,1.16,16.0
2025-10-30 23:15:18,0.0,0.0,10.0,10.0,0.0,2025-10-30 21:45:02,1673.0,27363.795,24.3655,1.16,16.0
2025-10-31 00:30:16,0.0,0.0,0.0,0.0,0.0,2025-10-30 23:42:48,1686.0,27502.145,23.611,1.16,16.0
2025-10-31 00:33:45,0.0,0.0,0.0,0.0,10.0,2025-10-30 23:42:48,1686.0,27502.145,23.611,1.16,16.0
2025-10-31 01:13:00,0.0,0.0,10.0,10.0,0.0,2025-10-30 23:42:48,1686.0,27502.145,23.611,1.16,16.0
2025-10-31 02:28:00,0.0,0.0,0.0,0.0,0.0,2025-10-31 01:40:34,1692.0,27638.71,23.884,1.16,20.0
2025-10-31 02:31:26,0.0,0.0,0.0,0.0,10.0,2025-10-31 01:40:34,1692.0,27638.71,23.884,1.16,20.0
2025-10-31 03:10:42,0.0,0.0,10.0,10.0,0.0,2025-10-31 01:40:34,1692.0,27638.71,23.884,1.16,20.0
2025-10-31 04:25:44,0.0,0.0,0.0,0.0,0.0,2025-10-31 03:38:20,1692.0,27775.77,24.028,1.16,20.0
2025-10-31 04:29:07,0.0,0.0,0.0,0.0,10.0,2025-10-31 03:38:20,1692.0,27775.77,24.028,1.16,20.0
2025-10-31 05:00:00,0.0,0.0,0.0,0.0,0.0,2025-10-31 03:38:20,1692.0,27775.77,24.028,1.16,20.0
2025-10-31 05:08:24,0.0,0.0,10.0,10.0,0.0,2025-10-31 03:38:20,1692.0,27775.77,24.028,1.16,20.0
2025-10-31 06:23:28,0.0,0.0,0.0,0.0,0.0,2025-10-31 05:36:06,1674.0,27911.485,23.847,1.16,20.0
2025-10-31 06:26:48,0.0,0.0,0.0,0.0,10.0,2025-10-31 05:36:06,1674.0,27911.485,23.847,1.16,20.0
2025-10-31 07:06:06,0.0,0.0,10.0,10.0,0.0,2025-10-31 05:36:06,1674.0,27911.485,23.847,1.16,20.0
2025-10-31 08:21:12,0.0,0.0,0.0,0.0,0.0,2025-10-31 07:33:52,1650.0,28051.175,23.762,1.16,20.0
2025-10-31 08:24:29,0.0,0.0,0.0,0.0,10.0,2025-10-31 07:33:52,1650.0,28051.175,23.762,1.16,20.0
2025-10-31 09:03:48,0.0,0.0,10.0,10.0,0.0,2025-10-31 07:33:52,1650.0,28051.175,23.762,1.16,20.0
2025-10-31 10:18:56,0.0,0.0,0.0,0.0,0.0,2025-10-31 09:31:38,1652.0,28186.53,23.737,1.16,20.0
2025-10-31 10:22:10,0.0,0.0,0.0,0.0,10.0,2025-10-31 09:31:38,1652.0,28186.53,23.737,1.16,20.0
2025-10-31 11:01:30,0.0,0.0,10.0,10.0,0.0,2025-10-31 09:31:38,1652.0,28186.53,23.737,1.16,20.0
2025-10-31 12:16:40,0.0,0.0,0.0,0.0,0.0,2025-10-31 11:29:24,1644.0,28324.465,23.726,1.16,20.0
2025-10-31 12:19:51,0.0,0.0,0.0,0.0,10.0,2025-10-31 11:29:24,1644.0,28324.465,23.726,1.16,20.0
2025-10-31 12:59:12,0.0,0.0,10.0,10.0,0.0,2025-10-31 11:29:24,1644.0,28324.465,23.726,1.16,20.0
2025-10-31 14:14:24,0.0,0.0,0.0,0.0,0.0,2025-10-31 13:27:10,1642.0,28451.88,23.8185,1.16,20.0
2025-10-31 14:17:32,0.0,0.0,0.0,0.0,10.0,2025-10-31 13:27:10,1642.0,28451.88,23.8185,1.16,20.0
2025-10-31 14:56:54,0.0,0.0,10.0,10.0,0.0,2025-10-31 13:27:10,1642.0,28451.88,23.8185,1.16,20.0
2025-10-31 16:12:08,0.0,0.0,0.0,0.0,0.0,2025-10-31 15:24:56,1643.0,28599.87,23.705,1.16,20.0
2025-10-31 16:15:13,0.0,0.0,0.0,0.0,10.0,2025-10-31 15:24:56,1643.0,28599.87,23.705,1.16,20.0
2025-10-31 16:54:36,0.0,0.0,10.0,10.0,0.0,2025-10-31 15:24:56,1643.0,28599.87,23.705,1.16,20.0
2025-10-31 18:09:52,0.0,0.0,0.0,0.0,0.0,2025-10-31 17:22:42,1657.0,28728.955,23.7775,1.16,20.0
2025-10-31 18:12:54,0.0,0.0,0.0,0.0,10.0,2025-10-31 17:22:42,1657.0,28728.955,23.7775,1.16,20.0
2025-10-31 18:52:18,0.0,0.0,10.0,10.0,0.0,2025-10-31 17:22:42,1657.0,28728.955,23.7775,1.16,20.0
2025-10-31 20:07:36,0.0,0.0,0.0,0.0,0.0,2025-10-31 19:20:28,1681.0,28871.71,23.99,1.16,20.0
2025-10-31 20:10:35,0.0,0.0,0.0,0.0,10.0,2025-10-31 19:20:28,1681.0,28871.71,23.99,1.16,20.0
2025-10-31 20:50:00,0.0,0.0,10.0,10.0,0.0,2025-10-31 19:20:28,1681.0,28871.71,23.99,1.16,20.0
2025-10-31 22:05:20,0.0,0.0,0.0,0.0,0.0,2025-10-31 21:18:14,1694.0,29016.405,23.913,1.15,20.0
2025-10-31 22:08:16,0.0,0.0,0.0,0.0,10.0,2025-10-31 21:18:14,1694.0,29016.405,23.913,1.15,20.0
2025-10-31 22:47:42,0.0,0.0,10.0,10.0,0.0,2025-10-31 21:18:14,1694.0,29016.405,23.913,1.15,20.0
2025-11-01 00:03:04,0.0,0.0,0.0,0.0,0.0,2025-10-31 23:16:00,1713.0,29139.3,23.442,1.15,20.0
2025-11-01 00:05:57,0.0,0.0,0.0,0.0,10.0,2025-10-31 23:16:00,1713.0,29139.3,23.442,1.15,20.0
2025-11-01 00:45:24,0.0,0.0,10.0,10.0,0.0,2025-10-31 23:16:00,1713.0,29139.3,23.442,1.15,20.0
2025-11-01 02:00:48,0.0,0.0,0.0,0.0,0.0,2025-11-01 01:13:46,1702.0,29290.035,23.848,1.15,20.0
2025-11-01 02:03:38,0.0,0.0,0.0,0.0,10.0,2025-11-01 01:13:46,1702.0,29290.035,23.848,1.15,20.0
2025-11-01 02:43:06,0.0,0.0,10.0,10.0,0.0,2025-11-01 01:13:46,1702.0,29290.035,23.848,1.15,20.0
2025-11-01 03:58:32,0.0,0.0,0.0,0.0,0.0,2025-11-01 03:11:32,1695.0,29411.16,23.909,1.15,20.0
2025-11-01 04:01:19,0.0,0.0,0.0,0.0,10.0,2025-11-01 03:11:32,1695.0,29411.16,23.909,1.15,20.0
2025-11-01 04:40:48,0.0,0.0,10.0,10.0,0.0,2025-11-01 03:11:32,1695.0,29411.16,23.909,1.15,20.0
2025-11-01 05:56:16,0.0,0.0,0.0,0.0,0.0,2025-11-01 05:09:18,1680.0,29544.765,23.774,1.15,20.0
2025-11-01 05:59:00,0.0,0.0,0.0,0.0,10.0,2025-11-01 05:09:18,1680.0,29544.765,23.774,1.15,20.0
2025-11-01 06:38:30,0.0,0.0,10.0,10.0,0.0,2025-11-01 05:09:18,1680.0,29544.765,23.774,1.15,20.0
2025-11-01 07:54:00,0.0,0.0,0.0,0.0,0.0,2025-11-01 07:07:04,1650.0,29682.96,23.695,1.15,20.0
2025-11-01 07:56:41,0.0,0.0,0.0,0.0,10.0,2025-11-01 07:07:04,1650.0,29682.96,23.695,1.15,20.0
2025-11-01 08:36:12,0.0,0.0,10.0,10.0,0.0,2025-11-01 07:07:04,1650.0,29682.96,23.695,1.15,20.0
2025-11-01 09:51:44,0.0,0.0,0.0,0.0,0.0,2025-11-01 09:04:50,1657.0,29816.19,23.954,1.15,20.0
2025-11-01 09:54:22,0.0,0.0,0.0,0.0,10.0,2025-11-01 09:04:50,1657.0,29816.19,23.954,1.15,20.0
2025-11-01 10:33:54,0.0,0.0,10.0,10.0,0.0,2025-11-01 09:04:50,1657.0,29816.19,23.954,1.15,20.0
2025-11-01 11:49:28,0.0,0.0,0.0,0.0,0.0,2025-11-01 11:02:36,1657.0,29887.825,24.0045,1.145,20.0
2025-11-01 11:52:03,0.0,0.0,0.0,0.0,0.0,2025-11-01 11:02:36,1657.0,29887.825,24.0045,1.145,20.0
2025-11-01 12:31:36,0.0,0.0,0.0,0.0,0.0,2025-11-01 11:02:36,1657.0,29887.825,24.0045,1.145,20.0
2025-11-01 13:47:12,0.0,0.0,0.0,0.0,0.0,2025-11-01 13:00:22,1650.5,222.455,22.674,1.15,20.0
2025-11-01 13:49:44,0.0,0.0,0.0,0.0,10.0,2025-11-01 13:00:22,1650.5,222.455,22.674,1.15,20.0
2025-11-01 14:07:00,0.0,0.0,0.0,0.0,0.0,2025-11-01 13:00:22,1650.5,222.455,22.674,1.15,20.0
2025-11-01 14:29:18,0.0,0.0,10.0,10.0,0.0,2025-11-01 13:00:22,1650.5,222.455,22.674,1.15,20.0
2025-11-01 15:44:56,0.0,0.0,0.0,0.0,0.0,2025-11-01 14:58:08,1674.0,6.82,25.7,1.15,20.0
2025-11-01 15:47:25,0.0,0.0,0.0,0.0,10.0,2025-11-01 14:58:08,1674.0,6.82,25.7,1.15,20.0
2025-11-01 16:27:00,0.0,0.0,10.0,10.0,0.0,2025-11-01 14:58:08,1674.0,6.82,25.7,1.15,20.0
2025-11-01 17:42:40,0.0,0.0,0.0,0.0,0.0,2025-11-01 16:55:54,1650.5,222.455,22.674,1.15,20.0
2025-11-01 17:45:06,0.0,0.0,0.0,0.0,10.0,2025-11-01 16:55:54,1650.5,222.455,22.674,1.15,20.0
2025-11-01 18:24:42,0.0,0.0,10.0,10.0,0.0,2025-11-01 16:55:54,1650.5,222.455,22.674,1.15,20.0
2025-11-01 19:40:24,0.0,0.0,0.0,0.0,0.0,2025-11-01 18:53:40,1655.0,310.95,22.665,1.15,20.0
2025-11-01 19:42:47,0.0,0.0,0.0,0.0,10.0,2025-11-01 18:53:40,1655.0,310.95,22.665,1.15,20.0
2025-11-01 20:22:24,0.0,0.0,10.0,10.0,0.0,2025-11-01 18:53:40,1655.0,310.95,22.665,1.15,20.0
2025-11-01 21:38:08,0.0,0.0,0.0,0.0,0.0,2025-11-01 20:51:26,1664.0,447.57,22.748,1.15,20.0
2025-11-01 21:40:28,0.0,0.0,0.0,0.0,10.0,2025-11-01 20:51:26,1664.0,447.57,22.748,1.15,20.0
2025-11-01 22:20:06,0.0,0.0,10.0,10.0,0.0,2025-11-01 20:51:26,1664.0,447.57,22.748,1.15,20.0
2025-11-01 23:35:52,0.0,0.0,0.0,0.0,0.0,2025-11-01 22:49:12,1685.0,583.485,22.896,1.15,20.0
2025-11-01 23:38:09,0.0,0.0,0.0,0.0,10.0,2025-11-01 22:49:12,1685.0,583.485,22.896,1.15,20.0
2025-11-02 00:17:48,0.0,0.0,10.0,10.0,0.0,2025-11-01 22:49:12,1685.0,583.485,22.896,1.15,20.0
2025-11-02 01:15:30,0.0,0.0,10.0,10.0,0.0,2025-11-02 00:46:58,1670.0,719.62,22.611,1.15,20.0
2025-11-02 01:33:36,0.0,0.0,0.0,0.0,0.0,2025-11-02 00:46:58,1670.0,719.62,22.611,1.15,20.0
2025-11-02 01:35:50,0.0,0.0,0.0,0.0,10.0,2025-11-02 00:46:58,1670.0,719.62,22.611,1.15,20.0
2025-11-02 02:31:20,0.0,0.0,0.0,0.0,0.0,2025-11-02 01:44:44,1653.0,855.56,22.0165,1.15,20.0
2025-11-02 02:33:31,0.0,0.0,0.0,0.0,10.0,2025-11-02 01:44:44,1653.0,855.56,22.0165,1.15,20.0
2025-11-02 03:13:12,0.0,0.0,10.0,10.0,0.0,2025-11-02 01:44:44,1653.0,855.56,22.0165,1.15,20.0
2025-11-02 04:29:04,0.0,0.0,0.0,0.0,0.0,2025-11-02 03:42:30,1619.0,991.18,21.28,1.15,20.0
2025-11-02 04:31:12,0.0,0.0,0.0,0.0,10.0,2025-11-02 03:42:30,1619.0,991.18,21.28,1.15,20.0
2025-11-02 05:10:54,0.0,0.0,10.0,10.0,0.0,2025-11-02 03:42:30,1619.0,991.18,21.28,1.15,20.0
2025-11-02 06:26:48,0.0,0.0,0.0,0.0,0.0,2025-11-02 05:40:16,1602.0,1126.675,20.886,1.15,20.0
2025-11-02 06:28:53,0.0,0.0,0.0,0.0,10.0,2025-11-02 05:40:16,1602.0,1126.675,20.886,1.15,20.0
2025-11-02 07:08:36,0.0,0.0,10.0,10.0,0.0,2025-11-02 05:40:16,1602.0,1126.675,20.886,1.15,20.0
2025-11-02 08:24:32,0.0,0.0,0.0,0.0,0.0,2025-11-02 07:38:02,1606.0,1262.25,21.131,1.15,20.0
2025-11-02 08:26:34,0.0,0.0,0.0,0.0,10.0,2025-11-02 07:38:02,1606.0,1262.25,21.131,1.15,20.0
2025-11-02 09:06:18,0.0,0.0,10.0,10.0,0.0,2025-11-02 07:38:02,1606.0,1262.25,21.131,1.15,20.0
2025-11-02 10:22:16,0.0,0.0,0.0,0.0,0.0,2025-11-02 09:35:48,1588.0,1397.61,20.951,1.15,20.0
2025-11-02 10:24:15,0.0,0.0,0.0,0.0,10.0,2025-11-02 09:35:48,1588.0,1397.61,20.951,1.15,20.0
2025-11-02 11:04:00,0.0,0.0,10.0,10.0,0.0,2025-11-02 09:35:48,1588.0,1397.61,20.951,1.15,20.0
2025-11-02 12:20:00,0.0,0.0,0.0,0.0,0.0,2025-11-02 11:33:34,1567.0,1532.75,20.308,1.15,20.0
2025-11-02 12:21:56,0.0,0.0,0.0,0.0,10.0,2025-11-02 11:33:34,1567.0,1532.75,20.308,1.15,20.0
2025-11-02 13:01:42,0.0,0.0,10.0,10.0,0.0,2025-11-02 11:33:34,1567.0,1532.75,20.308,1.15,20.0
2025-11-02 14:17:44,0.0,0.0,0.0,0.0,0.0,2025-11-02 13:31:20,1553.0,1667.88,20.05,1.15,20.0
2025-11-02 14:19:37,0.0,0.0,0.0,0.0,10.0,2025-11-02 13:31:20,1553.0,1667.88,20.05,1.15,20.0
2025-11-02 14:59:24,0.0,0.0,10.0,10.0,0.0,2025-11-02 13:31:20,1553.0,1667.88,20.05,1.15,20.0
2025-11-02 15:21:00,0.0,0.0,0.0,0.0,0.0,2025-11-02 13:31:20,1553.0,1667.88,20.05,1.15,20.0
2025-11-02 16:10:33,0.0,0.0,0.0,0.0,0.0,2025-11-02 15:29:06,1865.0,16.81,25.049,1.15,20.0
2025-11-02 16:15:28,0.0,0.0,0.0,0.0,0.0,2025-11-02 15:29:06,1865.0,16.81,25.049,1.15,20.0
2025-11-02 16:17:18,0.0,0.0,0.0,0.0,0.0,2025-11-02 15:29:06,1865.0,16.81,25.049,1.15,20.0
2025-11-02 16:57:06,0.0,0.0,0.0,0.0,0.0,2025-11-02 15:29:06,1865.0,16.81,25.049,1.15,20.0
2025-11-02 18:13:12,0.0,0.0,0.0,0.0,0.0,2025-11-02 17:26:52,1919.0,3.42,24.446,1.14,20.0
2025-11-02 18:14:59,0.0,0.0,0.0,0.0,0.0,2025-11-02 17:26:52,1919.0,3.42,24.446,1.14,20.0
2025-11-02 18:54:48,0.0,0.0,0.0,0.0,0.0,2025-11-02 17:26:52,1919.0,3.42,24.446,1.14,20.0
2025-11-02 20:10:56,0.0,0.0,0.0,0.0,0.0,2025-11-02 19:24:38,1686.0,27502.145,23.611,1.16,20.0
2025-11-02 20:12:40,0.0,0.0,0.0,0.0,0.0,2025-11-02 19:24:38,1686.0,27502.145,23.611,1.16,20.0
2025-11-02 20:52:30,0.0,0.0,0.0,0.0,0.0,2025-11-02 19:24:38,1686.0,27502.145,23.611,1.16,20.0
2025-11-02 22:08:40,0.0,0.0,0.0,0.0,0.0,2025-11-02 21:22:24,1673.0,27363.795,24.3655,1.16,20.0
2025-11-02 22:10:21,0.0,0.0,0.0,0.0,0.0,2025-11-02 21:22:24,1673.0,27363.795,24.3655,1.16,20.0
2025-11-02 22:50:12,0.0,0.0,0.0,0.0,0.0,2025-11-02 21:22:24,1673.0,27363.795,24.3655,1.16,20.0
2025-11-03 00:06:24,0.0,0.0,0.0,0.0,0.0,2025-11-02 23:20:10,1686.0,27502.145,23.611,1.16,20.0
2025-11-03 00:08:02,0.0,0.0,0.0,0.0,0.0,2025-11-02 23:20:10,1686.0,27502.145,23.611,1.16,20.0
2025-11-03 00:47:54,0.0,0.0,0.0,0.0,0.0,2025-11-02 23:20:10,1686.0,27502.145,23.611,1.16,20.0
2025-11-03 02:04:08,0.0,0.0,0.0,0.0,0.0,2025-11-03 01:17:56,1692.0,27638.71,23.884,1.16,20.0
2025-11-03 02:05:43,0.0,0.0,0.0,0.0,0.0,2025-11-03 01:17:56,1692.0,27638.71,23.884,1.16,20.0
2025-11-03 02:45:36,0.0,0.0,0.0,0.0,0.0,2025-11-03 01:17:56,1692.0,27638.71,23.884,1.16,20.0
2025-11-03 04:01:52,0.0,0.0,0.0,0.0,0.0,2025-11-03 03:15:42,1692.0,27775.77,24.028,1.16,20.0
2025-11-03 04:03:24,0.0,0.0,0.0,0.0,0.0,2025-11-03 03:15:42,1692.0,27775.77,24.028,1.16,20.0
2025-11-03 04:43:18,0.0,0.0,0.0,0.0,0.0,2025-11-03 03:15:42,1692.0,27775.77,24.028,1.16,20.0
2025-11-03 05:00:00,0.0,0.0,0.0,0.0,0.0,2025-11-03 03:15:42,1692.0,27775.77,24.028,1.16,20.0
2025-11-03 05:59:36,0.0,0.0,0.0,0.0,0.0,2025-11-03 05:13:28,1674.0,27911.485,23.847,1.16,20.0
2025-11-03 06:01:05,0.0,0.0,0.0,0.0,0.0,2025-11-03 05:13:28,1674.0,27911.485,23.847,1.16,20.0
2025-11-03 06:41:00,0.0,0.0,0.0,0.0,0.0,2025-11-03 05:13:28,1674.0,27911.485,23.847,1.16,20.0
2025-11-03 07:57:20,0.0,0.0,0.0,0.0,0.0,2025-11-03 07:11:14,1650.0,28051.175,23.762,1.16,20.0
2025-11-03 07:58:46,0.0,0.0,0.0,0.0,0.0,2025-11-03 07:11:14,1650.0,28051.175,23.762,1.16,20.0
2025-11-03 08:38:42,0.0,0.0,0.0,0.0,0.0,2025-11-03 07:11:14,1650.0,28051.175,23.762,1.16,20.0
2025-11-03 09:55:04,0.0,0.0,0.0,0.0,0.0,2025-11-03 09:09:00,1652.0,28186.53,23.737,1.16,20.0
2025-11-03 09:56:27,0.0,0.0,0.0,0.0,0.0,2025-11-03 09:09:00,1652.0,28186.53,23.737,1.16,20.0
2025-11-03 10:36:24,0.0,0.0,0.0,0.0,0.0,2025-11-03 09:09:00,1652.0,28186.53,23.737,1.16,20.0
2025-11-03 11:52:48,0.0,0.0,0.0,0.0,0.0,2025-11-03 11:06:46,1644.0,28324.465,23.726,1.16,20.0
2025-11-03 11:54:08,0.0,0.0,0.0,0.0,0.0,2025-11-03 11:06:46,1644.0,28324.465,23.726,1.16,20.0
2025-11-03 12:34:06,0.0,0.0,0.0,0.0,0.0,2025-11-03 11:06:46,1644.0,28324.465,23.726,1.16,20.0
2025-11-03 13:50:32,0.0,0.0,0.0,0.0,0.0,2025-11-03 13:04:32,1642.0,28451.88,23.8185,1.16,20.0
2025-11-03 13:51:49,0.0,0.0,0.0,0.0,0.0,2025-11-03 13:04:32,1642.0,28451.88,23.8185,1.16,20.0
2025-11-03 14:31:48,0.0,0.0,0.0,0.0,0.0,2025-11-03 13:04:32,1642.0,28451.88,23.8185,1.16,20.0
2025-11-03 15:48:16,0.0,0.0,0.0,0.0,0.0,2025-11-03 15:02:18,1643.0,28599.87,23.705,1.16,20.0
2025-11-03 15:49:30,0.0,0.0,0.0,0.0,0.0,2025-11-03 15:02:18,1643.0,28599.87,23.705,1.16,20.0
2025-11-03 16:29:30,0.0,0.0,0.0,0.0,0.0,2025-11-03 15:02:18,1643.0,28599.87,23.705,1.16,20.0
2025-11-03 17:46:00,0.0,0.0,0.0,0.0,0.0,2025-11-03 17:00:04,1657.0,28728.955,23.7775,1.16,20.0
2025-11-03 17:47:11,0.0,0.0,0.0,0.0,0.0,2025-11-03 17:00:04,1657.0,28728.955,23.7775,1.16,20.0
2025-11-03 18:27:12,0.0,0.0,0.0,0.0,0.0,2025-11-03 17:00:04,1657.0,28728.955,23.7775,1.16,20.0
2025-11-03 19:43:44,0.0,0.0,0.0,0.0,0.0,2025-11-03 18:57:50,1681.0,28871.71,23.99,1.16,20.0
2025-11-03 19:44:52,0.0,0.0,0.0,0.0,0.0,2025-11-03 18:57:50,1681.0,28871.71,23.99,1.16,20.0
2025-11-03 20:24:54,0.0,0.0,0.0,0.0,0.0,2025-11-03 18:57:50,1681.0,28871.71,23.99,1.16,20.0
2025-11-03 21:41:28,0.0,0.0,0.0,0.0,0.0,2025-11-03 20:55:36,1694.0,29016.405,23.913,1.15,20.0
2025-11-03 21:42:33,0.0,0.0,0.0,0.0,0.0,2025-11-03 20:55:36,1694.0,29016.405,23.913,1.15,20.0
2025-11-03 22:22:36,0.0,0.0,0.0,0.0,0.0,2025-11-03 20:55:36,1694.0,29016.405,23.913,1.15,20.0
2025-11-03 23:39:12,0.0,0.0,0.0,0.0,0.0,2025-11-03 22:53:22,1713.0,29139.3,23.442,1.15,20.0
2025-11-03 23:40:14,0.0,0.0,0.0,0.0,0.0,2025-11-03 22:53:22,1713.0,29139.3,23.442,1.15,20.0
2025-11-04 00:20:18,0.0,0.0,0.0,0.0,0.0,2025-11-03 22:53:22,1713.0,29139.3,23.442,1.15,20.0
2025-11-04 01:36:56,0.0,0.0,0.0,0.0,0.0,2025-11-04 00:51:08,1876.0,4265.87,27.0325,1.15,24.0
2025-11-04 01:37:55,0.0,0.0,0.0,0.0,0.0,2025-11-04 00:51:08,1876.0,4265.87,27.0325,1.15,24.0
2025-11-04 02:18:00,0.0,0.0,0.0,0.0,0.0,2025-11-04 00:51:08,1876.0,4265.87,27.0325,1.15,24.0
2025-11-04 03:34:40,0.0,0.0,0.0,0.0,0.0,2025-11-04 02:48:54,1829.0,4389.295,25.383,1.15,24.0
2025-11-04 03:35:36,0.0,0.0,0.0,0.0,0.0,2025-11-04 02:48:54,1829.0,4389.295,25.383,1.15,24.0
2025-11-04 04:15:42,0.0,0.0,0.0,0.0,0.0,2025-11-04 02:48:54,1829.0,4389.295,25.383,1.15,24.0
2025-11-04 05:00:00,0.0,0.0,0.0,0.0,0.0,2025-11-04 04:46:40,3141.0,4530.49,24.44,1.14,24.0
2025-11-04 05:32:24,0.0,0.0,0.0,0.0,0.0,2025-11-04 04:46:40,3141.0,4530.49,24.44,1.14,24.0
2025-11-04 05:33:17,0.0,0.0,0.0,0.0,0.0,2025-11-04 04:46:40,3141.0,4530.49,24.44,1.14,24.0
2025-11-04 06:13:24,0.0,0.0,0.0,0.0,0.0,2025-11-04 04:46:40,3141.0,4530.49,24.44,1.14,24.0
2025-11-04 07:30:08,0.0,0.0,0.0,0.0,0.0,2025-11-04 06:44:26,3124.5,4658.13,24.097,1.14,24.0
2025-11-04 07:30:58,0.0,0.0,0.0,0.0,0.0,2025-11-04 06:44:26,3124.5,4658.13,24.097,1.14,24.0
2025-11-04 08:11:06,0.0,0.0,0.0,0.0,0.0,2025-11-04 06:44:26,3124.5,4658.13,24.097,1.14,24.0
2025-11-04 09:27:52,0.0,0.0,0.0,0.0,0.0,2025-11-04 08:42:12,2301.0,50.775,29.204,1.15,24.0
2025-11-04 09:28:39,10.15,0.0,0.0,0.0,0.0,2025-11-04 08:42:12,2301.0,50.775,29.204,1.15,24.0
2025-11-04 10:08:48,0.0,0.0,0.0,0.0,0.0,2025-11-04 08:42:12,2301.0,50.775,29.204,1.15,24.0
2025-11-04 11:25:36,0.0,0.0,0.0,0.0,0.0,2025-11-04 10:39:58,1883.0,2779.015,27.225,1.16,24.0
2025-11-04 11:26:20,59.98,0.0,0.0,0.0,0.0,2025-11-04 10:39:58,1883.0,2779.015,27.225,1.16,24.0
2025-11-04 12:06:30,0.0,0.0,10.0,10.0,0.0,2025-11-04 10:39:58,1883.0,2779.015,27.225,1.16,24.0
2025-11-04 13:23:20,0.0,0.0,0.0,0.0,0.0,2025-11-04 12:37:44,1831.0,2890.17,25.6585,1.15,24.0
2025-11-04 13:24:01,59.97,0.0,0.0,0.0,10.0,2025-11-04 12:37:44,1831.0,2890.17,25.6585,1.15,24.0
2025-11-04 14:04:12,0.0,0.0,0.0,0.0,0.0,2025-11-04 12:37:44,1831.0,2890.17,25.6585,1.15,24.0
2025-11-04 15:21:04,0.0,0.0,0.0,0.0,0.0,2025-11-04 14:35:30,1854.0,3034.72,24.896,1.15,24.0
2025-11-04 15:21:42,59.99,0.0,0.0,0.0,0.0,2025-11-04 14:35:30,1854.0,3034.72,24.896,1.15,24.0
2025-11-04 16:01:54,0.0,0.0,0.0,0.0,0.0,2025-11-04 14:35:30,1854.0,3034.72,24.896,1.15,24.0
2025-11-04 17:18:48,0.0,0.0,0.0,0.0,0.0,2025-11-04 16:33:16,1851.0,3163.0,24.749,1.14,24.0
2025-11-04 17:19:23,60.04,0.0,0.0,0.0,0.0,2025-11-04 16:33:16,1851.0,3163.0,24.749,1.14,24.0
2025-11-04 17:59:36,0.0,0.0,0.0,0.0,0.0,2025-11-04 16:33:16,1851.0,3163.0,24.749,1.14,24.0
2025-11-04 19:16:32,0.0,0.0,0.0,0.0,0.0,2025-11-04 18:31:02,1655.0,310.95,22.665,1.15,24.0
2025-11-04 19:17:04,0.0,0.0,0.0,0.0,0.0,2025-11-04 18:31:02,1655.0,310.95,22.665,1.15,24.0
2025-11-04 19:57:18,0.0,0.0,0.0,0.0,0.0,2025-11-04 18:31:02,1655.0,310.95,22.665,1.15,24.0
2025-11-04 21:14:16,0.0,0.0,0.0,0.0,0.0,2025-11-04 20:28:48,1664.0,447.57,22.748,1.15,24.0
2025-11-04 21:14:45,0.0,0.0,0.0,0.0,0.0,2025-11-04 20:28:48,1664.0,447.57,22.748,1.15,24.0
2025-11-04 21:55:00,0.0,0.0,0.0,0.0,0.0,2025-11-04 20:28:48,1664.0,447.57,22.748,1.15,24.0
2025-11-04 23:12:00,0.0,0.0,0.0,0.0,0.0,2025-11-04 22:26:34,1685.0,583.485,22.896,1.15,24.0
2025-11-04 23:12:26,0.0,0.0,0.0,0.0,0.0,2025-11-04 22:26:34,1685.0,583.485,22.896,1.15,24.0
2025-11-04 23:52:42,0.0,0.0,0.0,0.0,0.0,2025-11-04 22:26:34,1685.0,583.485,22.896,1.15,24.0
2025-11-05 01:09:44,0.0,0.0,0.0,0.0,0.0,2025-11-05 00:24:20,1670.0,719.62,22.611,1.15,24.0
2025-11-05 01:10:07,0.0,0.0,0.0,0.0,0.0,2025-11-05 00:24:20,1670.0,719.62,22.611,1.15,24.0
2025-11-05 01:50:24,0.0,0.0,0.0,0.0,0.0,2025-11-05 00:24:20,1670.0,719.62,22.611,1.15,24.0
2025-11-05 03:07:28,0.0,0.0,0.0,0.0,0.0,2025-11-05 02:22:06,1653.0,855.56,22.0165,1.15,24.0
2025-11-05 03:07:48,0.0,0.0,0.0,0.0,0.0,2025-11-05 02:22:06,1653.0,855.56,22.0165,1.15,24.0
2025-11-05 03:48:06,0.0,0.0,0.0,0.0,0.0,2025-11-05 02:22:06,1653.0,855.56,22.0165,1.15,24.0
2025-11-05 05:05:12,0.0,0.0,0.0,0.0,0.0,2025-11-05 04:19:52,1619.0,991.18,21.28,1.15,24.0
2025-11-05 05:05:29,0.0,0.0,0.0,0.0,0.0,2025-11-05 04:19:52,1619.0,991.18,21.28,1.15,24.0
2025-11-05 05:45:48,0.0,0.0,0.0,0.0,0.0,2025-11-05 04:19:52,1619.0,991.18,21.28,1.15,24.0
2025-11-05 07:02:56,0.0,0.0,0.0,0.0,0.0,2025-11-05 06:17:38,1863.0,4115.36,26.141,1.15,24.0
2025-11-05 07:03:10,60.04,0.0,0.0,0.0,0.0,2025-11-05 06:17:38,1863.0,4115.36,26.141,1.15,24.0
2025-11-05 07:43:30,0.0,0.0,0.0,0.0,0.0,2025-11-05 06:17:38,1863.0,4115.36,26.141,1.15,24.0
2025-11-05 09:00:40,0.0,0.0,0.0,0.0,0.0,2025-11-05 08:15:24,1876.0,4265.87,27.0325,1.15,24.0
2025-11-05 09:00:51,60.06,0.0,0.0,0.0,0.0,2025-11-05 08:15:24,1876.0,4265.87,27.0325,1.15,24.0
2025-11-05 09:41:12,0.0,0.0,10.0,10.0,0.0,2025-11-05 08:15:24,1876.0,4265.87,27.0325,1.15,24.0
2025-11-05 10:58:24,0.0,0.0,0.0,0.0,0.0,2025-11-05 10:13:10,1829.0,4389.295,25.383,1.15,24.0
2025-11-05 10:58:32,60.07,0.0,0.0,0.0,10.0,2025-11-05 10:13:10,1829.0,4389.295,25.383,1.15,24.0
2025-11-05 11:38:54,0.0,0.0,10.0,10.0,0.0,2025-11-05 10:13:10,1829.0,4389.295,25.383,1.15,24.0
2025-11-05 12:56:08,0.0,0.0,0.0,0.0,0.0,2025-11-05 12:10:56,3141.0,4530.49,24.44,1.14,24.0
2025-11-05 12:56:13,60.06,0.0,0.0,0.0,0.0,2025-11-05 12:10:56,3141.0,4530.49,24.44,1.14,24.0
2025-11-05 13:36:36,0.0,0.0,0.0,0.0,0.0,2025-11-05 12:10:56,3141.0,4530.49,24.44,1.14,24.0
2025-11-05 14:22:34,0.0,0.0,0.0,0.0,0.0,2025-11-05 14:08:42,3124.5,4658.13,24.097,1.14,24.0
2025-11-05 14:53:52,0.0,0.0,0.0,0.0,0.0,2025-11-05 14:08:42,3124.5,4658.13,24.097,1.14,24.0
2025-11-05 14:53:54,60.07,0.0,0.0,0.0,0.0,2025-11-05 14:08:42,3124.5,4658.13,24.097,1.14,24.0
2025-11-05 15:34:18,0.0,0.0,0.0,0.0,0.0,2025-11-05 14:08:42,3124.5,4658.13,24.097,1.14,24.0
2025-11-05 16:51:35,60.06,0.0,0.0,0.0,0.0,2025-11-05 16:06:28,2301.0,50.775,29.204,1.15,24.0
2025-11-05 16:51:36,0.0,0.0,0.0,0.0,0.0,2025-11-05 16:06:28,2301.0,50.775,29.204,1.15,24.0
2025-11-05 17:32:00,0.0,0.0,0.0,0.0,0.0,2025-11-05 16:06:28,2301.0,50.775,29.204,1.15,24.0
2025-11-05 18:49:16,60.08,0.0,0.0,0.0,0.0,2025-11-05 18:04:14,2329.0,189.16,27.434,1.15,24.0
2025-11-05 18:49:20,0.0,0.0,0.0,0.0,0.0,2025-11-05 18:04:14,2329.0,189.16,27.434,1.15,24.0
2025-11-05 19:29:42,0.0,0.0,0.0,0.0,0.0,2025-11-05 18:04:14,2329.0,189.16,27.434,1.15,24.0
2025-11-05 20:46:57,0.0,0.0,0.0,0.0,0.0,2025-11-05 20:02:00,2005.0,2795.6,25.2045,1.15,24.0
2025-11-05 20:47:04,0.0,0.0,0.0,0.0,0.0,2025-11-05 20:02:00,2005.0,2795.6,25.2045,1.15,24.0
2025-11-05 21:27:24,0.0,0.0,0.0,0.0,0.0,2025-11-05 20:02:00,2005.0,2795.6,25.2045,1.15,24.0
2025-11-05 22:44:38,0.0,0.0,0.0,0.0,0.0,2025-11-05 21:59:46,2020.0,2920.515,25.545,1.15,24.0
2025-11-05 22:44:48,0.0,0.0,0.0,0.0,0.0,2025-11-05 21:59:46,2020.0,2920.515,25.545,1.15,24.0
2025-11-05 23:25:06,0.0,0.0,0.0,0.0,0.0,2025-11-05 21:59:46,2020.0,2920.515,25.545,1.15,24.0
2025-11-06 00:42:19,0.0,0.0,0.0,0.0,0.0,2025-11-05 23:57:32,2443.0,652.95,39.393,1.17,24.0
2025-11-06 00:42:32,0.0,0.0,0.0,0.0,0.0,2025-11-05 23:57:32,2443.0,652.95,39.393,1.17,24.0
2025-11-06 01:22:48,0.0,0.0,0.0,0.0,0.0,2025-11-05 23:57:32,2443.0,652.95,39.393,1.17,24.0
2025-11-06 02:40:00,0.0,0.0,0.0,0.0,0.0,2025-11-06 01:55:18,2365.5,736.66,37.407,1.17,24.0
2025-11-06 02:40:16,0.0,0.0,0.0,0.0,0.0,2025-11-06 01:55:18,2365.5,736.66,37.407,1.17,24.0
2025-11-06 03:20:30,0.0,0.0,0.0,0.0,0.0,2025-11-06 01:55:18,2365.5,736.66,37.407,1.17,24.0
2025-11-06 04:37:41,0.0,0.0,0.0,0.0,0.0,2025-11-06 03:53:04,2257.5,874.37,25.306,1.16,24.0
2025-11-06 04:38:00,0.0,0.0,0.0,0.0,0.0,2025-11-06 03:53:04,2257.5,874.37,25.306,1.16,24.0
2025-11-06 05:00:00,0.0,0.0,0.0,0.0,0.0,2025-11-06 03:53:04,2257.5,874.37,25.306,1.16,24.0
2025-11-06 05:18:12,0.0,0.0,0.0,0.0,0.0,2025-11-06 03:53:04,2257.5,874.37,25.306,1.16,24.0
2025-11-06 06:35:22,270.11,0.0,0.0,0.0,0.0,2025-11-06 05:50:50,2157.0,1006.12,24.1755,1.16,24.0
2025-11-06 06:35:44,0.0,0.0,0.0,0.0,0.0,2025-11-06 05:50:50,2157.0,1006.12,24.1755,1.16,24.0
2025-11-06 07:15:54,0.0,0.0,0.0,0.0,0.0,2025-11-06 05:50:50,2157.0,1006.12,24.1755,1.16,24.0
2025-11-06 08:33:03,60.23,0.0,0.0,0.0,0.0,2025-11-06 07:48:36,2222.0,1151.875,25.137,1.16,24.0
2025-11-06 08:33:28,0.0,0.0,0.0,0.0,0.0,2025-11-06 07:48:36,2222.0,1151.875,25.137,1.16,24.0
2025-11-06 09:13:36,0.0,0.0,0.0,0.0,0.0,2025-11-06 07:48:36,2222.0,1151.875,25.137,1.16,24.0
2025-11-06 10:30:44,60.14,0.0,0.0,0.0,0.0,2025-11-06 09:46:22,2251.0,1282.53,25.8,1.16,24.0
2025-11-06 10:31:12,0.0,0.0,0.0,0.0,0.0,2025-11-06 09:46:22,2251.0,1282.53,25.8,1.16,24.0
2025-11-06 11:11:18,0.0,0.0,0.0,0.0,0.0,2025-11-06 09:46:22,2251.0,1282.53,25.8,1.16,24.0
2025-11-06 12:28:25,60.02,0.0,0.0,0.0,0.0,2025-11-06 11:44:08,2274.0,1427.355,26.217,1.16,24.0
2025-11-06 12:28:56,0.0,0.0,0.0,0.0,0.0,2025-11-06 11:44:08,2274.0,1427.355,26.217,1.16,24.0
2025-11-06 13:09:00,0.0,0.0,0.0,0.0,0.0,2025-11-06 11:44:08,2274.0,1427.355,26.217,1.16,24.0
2025-11-06 14:26:06,60.01,0.0,0.0,0.0,0.0,2025-11-06 13:41:54,2285.0,1557.82,26.215,1.16,24.0
2025-11-06 14:26:40,0.0,0.0,0.0,0.0,0.0,2025-11-06 13:41:54,2285.0,1557.82,26.215,1.16,24.0
2025-11-06 15:06:42,0.0,0.0,0.0,0.0,0.0,2025-11-06 13:41:54,2285.0,1557.82,26.215,1.16,24.0
2025-11-06 16:23:47,60.02,0.0,0.0,0.0,0.0,2025-11-06 15:39:40,2288.0,1692.57,26.206,1.16,24.0
2025-11-06 16:24:24,0.0,0.0,0.0,0.0,0.0,2025-11-06 15:39:40,2288.0,1692.57,26.206,1.16,24.0
2025-11-06 17:04:24,0.0,0.0,0.0,0.0,0.0,2025-11-06 15:39:40,2288.0,1692.57,26.206,1.16,24.0
2025-11-06 18:21:28,59.99,0.0,0.0,0.0,0.0,2025-11-06 17:37:26,2269.0,1831.215,26.23,1.16,24.0
2025-11-06 18:22:08,0.0,0.0,0.0,0.0,0.0,2025-11-06 17:37:26,2269.0,1831.215,26.23,1.16,24.0
2025-11-06 19:02:06,0.0,0.0,0.0,0.0,0.0,2025-11-06 17:37:26,2269.0,1831.215,26.23,1.16,24.0
2025-11-06 20:19:09,60.02,0.0,0.0,0.0,0.0,2025-11-06 19:35:12,2067.5,1968.05,26.136,1.15,24.0
2025-11-06 20:19:52,0.0,0.0,0.0,0.0,0.0,2025-11-06 19:35:12,2067.5,1968.05,26.136,1.15,24.0
2025-11-06 20:59:48,0.0,0.0,0.0,0.0,0.0,2025-11-06 19:35:12,2067.5,1968.05,26.136,1.15,24.0
2025-11-06 22:16:50,60.02,0.0,0.0,0.0,0.0,2025-11-06 21:32:58,2076.0,2102.915,26.208,1.15,24.0
2025-11-06 22:17:36,0.0,0.0,0.0,0.0,0.0,2025-11-06 21:32:58,2076.0,2102.915,26.208,1.15,24.0
2025-11-06 22:57:30,0.0,0.0,0.0,0.0,0.0,2025-11-06 21:32:58,2076.0,2102.915,26.208,1.15,24.0
2025-11-07 00:14:31,0.0,0.0,0.0,0.0,0.0,2025-11-06 23:30:44,2073.0,2191.65,26.001,1.15,24.0
2025-11-07 00:15:20,0.0,0.0,0.0,0.0,0.0,2025-11-06 23:30:44,2073.0,2191.65,26.001,1.15,24.0
2025-11-07 00:55:12,0.0,0.0,0.0,0.0,0.0,2025-11-06 23:30:44,2073.0,2191.65,26.001,1.15,24.0
2025-11-07 02:12:12,0.0,0.0,0.0,0.0,0.0,2025-11-07 01:28:30,2288.0,1692.57,26.206,1.16,24.0
2025-11-07 02:13:04,0.0,0.0,0.0,0.0,0.0,2025-11-07 01:28:30,2288.0,1692.57,26.206,1.16,24.0
2025-11-07 02:52:54,0.0,0.0,0.0,0.0,0.0,2025-11-07 01:28:30,2288.0,1692.57,26.206,1.16,24.0
2025-11-07 04:09:53,0.0,0.0,0.0,0.0,0.0,2025-11-07 03:26:16,2269.0,1831.215,26.23,1.16,24.0
2025-11-07 04:10:48,0.0,0.0,0.0,0.0,0.0,2025-11-07 03:26:16,2269.0,1831.215,26.23,1.16,24.0
2025-11-07 04:50:36,0.0,0.0,0.0,0.0,0.0,2025-11-07 03:26:16,2269.0,1831.215,26.23,1.16,24.0
2025-11-07 05:00:00,0.0,0.0,0.0,0.0,0.0,2025-11-07 03:26:16,2269.0,1831.215,26.23,1.16,24.0
2025-11-07 06:07:34,60.05,0.0,0.0,0.0,0.0,2025-11-07 05:24:02,1988.5,2699.94,24.899,1.15,24.0
2025-11-07 06:08:32,0.0,0.0,0.0,0.0,0.0,2025-11-07 05:24:02,1988.5,2699.94,24.899,1.15,24.0
2025-11-07 06:48:18,0.0,0.0,0.0,0.0,0.0,2025-11-07 05:24:02,1988.5,2699.94,24.899,1.15,24.0
2025-11-07 08:05:15,60.13,0.0,0.0,0.0,0.0,2025-11-07 07:21:48,2005.0,2795.6,25.2045,1.15,24.0
2025-11-07 08:06:16,0.0,0.0,0.0,0.0,0.0,2025-11-07 07:21:48,2005.0,2795.6,25.2045,1.15,24.0
2025-11-07 08:46:00,0.0,0.0,0.0,0.0,0.0,2025-11-07 07:21:48,2005.0,2795.6,25.2045,1.15,24.0
2025-11-07 10:02:56,60.3,0.0,0.0,0.0,0.0,2025-11-07 09:19:34,2020.0,2920.515,25.545,1.15,24.0
2025-11-07 10:04:00,0.0,0.0,0.0,0.0,0.0,2025-11-07 09:19:34,2020.0,2920.515,25.545,1.15,24.0
2025-11-07 10:43:42,0.0,0.0,0.0,0.0,0.0,2025-11-07 09:19:34,2020.0,2920.515,25.545,1.15,24.0
2025-11-07 12:00:37,60.06,0.0,0.0,0.0,0.0,2025-11-07 11:17:20,2027.0,3061.27,25.716,1.15,24.0
2025-11-07 12:01:44,0.0,0.0,0.0,0.0,0.0,2025-11-07 11:17:20,2027.0,3061.27,25.716,1.15,24.0
2025-11-07 12:41:24,0.0,0.0,0.0,0.0,0.0,2025-11-07 11:17:20,2027.0,3061.27,25.716,1.15,24.0
2025-11-07 13:58:18,60.06,0.0,0.0,0.0,0.0,2025-11-07 13:15:06,2033.0,3178.8,25.853,1.15,24.0
2025-11-07 13:59:28,0.0,0.0,0.0,0.0,0.0,2025-11-07 13:15:06,2033.0,3178.8,25.853,1.15,24.0
2025-11-07 14:39:06,0.0,0.0,0.0,0.0,0.0,2025-11-07 13:15:06,2033.0,3178.8,25.853,1.15,24.0
2025-11-07 15:55:59,60.05,0.0,0.0,0.0,0.0,2025-11-07 15:12:52,1931.0,3327.085,25.9805,1.16,24.0
2025-11-07 15:57:12,0.0,0.0,0.0,0.0,0.0,2025-11-07 15:12:52,1931.0,3327.085,25.9805,1.16,24.0
2025-11-07 16:36:48,0.0,0.0,0.0,0.0,0.0,2025-11-07 15:12:52,1931.0,3327.085,25.9805,1.16,24.0
2025-11-07 17:53:40,60.08,0.0,0.0,0.0,0.0,2025-11-07 17:10:38,1943.0,3461.01,26.1545,1.16,24.0
2025-11-07 17:54:56,0.0,0.0,0.0,0.0,0.0,2025-11-07 17:10:38,1943.0,3461.01,26.1545,1.16,24.0
2025-11-07 18:34:30,0.0,0.0,0.0,0.0,0.0,2025-11-07 17:10:38,1943.0,3461.01,26.1545,1.16,24.0
2025-11-07 19:51:21,60.09,0.0,0.0,0.0,0.0,2025-11-07 19:08:24,1955.0,3506.46,26.406,0.0,24.0
2025-11-07 19:52:40,0.0,0.0,0.0,0.0,0.0,2025-11-07 19:08:24,1955.0,3506.46,26.406,0.0,24.0
2025-11-07 20:32:12,0.0,0.0,0.0,0.0,0.0,2025-11-07 19:08:24,1955.0,3506.46,26.406,0.0,24.0
2025-11-07 21:49:02,60.11,0.0,0.0,0.0,0.0,2025-11-07 21:06:10,1962.0,3506.46,26.481,0.0,24.0
2025-11-07 21:50:24,0.0,0.0,0.0,0.0,0.0,2025-11-07 21:06:10,1962.0,3506.46,26.481,0.0,24.0
2025-11-07 22:29:54,0.0,0.0,0.0,0.0,0.0,2025-11-07 21:06:10,1962.0,3506.46,26.481,0.0,24.0
2025-11-07 23:46:43,0.0,0.0,0.0,0.0,0.0,2025-11-07 23:03:56,1960.0,3506.46,26.22,0.0,24.0
2025-11-07 23:48:08,0.0,0.0,0.0,0.0,0.0,2025-11-07 23:03:56,1960.0,3506.46,26.22,0.0,24.0
2025-11-08 00:27:36,0.0,0.0,0.0,0.0,0.0,2025-11-07 23:03:56,1960.0,3506.46,26.22,0.0,24.0
2025-11-08 01:44:24,0.0,0.0,0.0,0.0,0.0,2025-11-08 01:01:42,1932.0,3506.46,25.806,0.0,28.0
2025-11-08 01:45:52,0.0,0.0,0.0,0.0,0.0,2025-11-08 01:01:42,1932.0,3506.46,25.806,0.0,28.0
2025-11-08 02:25:18,0.0,0.0,0.0,0.0,0.0,2025-11-08 01:01:42,1932.0,3506.46,25.806,0.0,28.0
2025-11-08 03:42:05,0.0,0.0,0.0,0.0,0.0,2025-11-08 02:59:28,1902.0,3506.46,25.358,0.0,28.0
2025-11-08 03:43:36,0.0,0.0,0.0,0.0,0.0,2025-11-08 02:59:28,1902.0,3506.46,25.358,0.0,28.0
2025-11-08 04:23:00,0.0,0.0,0.0,0.0,0.0,2025-11-08 02:59:28,1902.0,3506.46,25.358,0.0,28.0
2025-11-08 05:39:46,59.99,0.0,0.0,0.0,0.0,2025-11-08 04:57:14,1871.0,3506.46,24.8935,0.0,28.0
2025-11-08 05:41:20,0.0,0.0,0.0,0.0,0.0,2025-11-08 04:57:14,1871.0,3506.46,24.8935,0.0,28.0
2025-11-08 06:20:42,0.0,0.0,0.0,0.0,0.0,2025-11-08 04:57:14,1871.0,3506.46,24.8935,0.0,28.0
2025-11-08 07:37:27,0.0,0.0,0.0,0.0,0.0,2025-11-08 06:55:00,1845.0,3506.46,24.689,0.0,28.0
2025-11-08 07:39:04,0.0,0.0,0.0,0.0,0.0,2025-11-08 06:55:00,1845.0,3506.46,24.689,0.0,28.0
2025-11-08 08:18:24,0.0,0.0,0.0,0.0,0.0,2025-11-08 06:55:00,1845.0,3506.46,24.689,0.0,28.0
2025-11-08 09:35:08,0.0,0.0,0.0,0.0,0.0,2025-11-08 08:52:46,2443.0,652.95,39.393,1.17,28.0
2025-11-08 09:36:48,0.0,0.0,0.0,0.0,0.0,2025-11-08 08:52:46,2443.0,652.95,39.393,1.17,28.0
2025-11-08 10:16:06,0.0,0.0,0.0,0.0,0.0,2025-11-08 08:52:46,2443.0,652.95,39.393,1.17,28.0
2025-11-08 11:32:49,60.02,0.0,0.0,0.0,0.0,2025-11-08 10:50:32,2365.5,736.66,37.407,1.17,28.0
2025-11-08 11:34:32,0.0,0.0,0.0,0.0,0.0,2025-11-08 10:50:32,2365.5,736.66,37.407,1.17,28.0
2025-11-08 12:13:48,0.0,0.0,0.0,0.0,0.0,2025-11-08 10:50:32,2365.5,736.66,37.407,1.17,28.0
2025-11-08 13:30:30,59.99,0.0,0.0,0.0,0.0,2025-11-08 12:48:18,2027.0,3506.46,29.519,0.0,28.0
2025-11-08 13:32:16,0.0,0.0,0.0,0.0,0.0,2025-11-08 12:48:18,2027.0,3506.46,29.519,0.0,28.0
2025-11-08 14:11:30,0.0,0.0,0.0,0.0,0.0,2025-11-08 12:48:18,2027.0,3506.46,29.519,0.0,28.0
2025-11-08 15:28:11,59.98,0.0,0.0,0.0,0.0,2025-11-08 14:46:04,2005.0,0.0,28.247,0.0,28.0
2025-11-08 15:30:00,0.0,0.0,0.0,0.0,0.0,2025-11-08 14:46:04,2005.0,0.0,28.247,0.0,28.0
2025-11-08 15:32:15,0.0,0.0,0.0,0.0,0.0,2025-11-08 14:46:04,2005.0,0.0,28.247,0.0,28.0
2025-11-08 16:09:12,0.0,0.0,0.0,0.0,0.0,2025-11-08 14:46:04,2005.0,0.0,28.247,0.0,28.0
2025-11-08 17:25:52,60.0,0.0,0.0,0.0,0.0,2025-11-08 16:43:50,1975.0,0.0,27.253,0.0,28.0
2025-11-08 17:27:44,0.0,0.0,0.0,0.0,0.0,2025-11-08 16:43:50,1975.0,0.0,27.253,0.0,28.0
2025-11-08 18:06:54,0.0,0.0,0.0,0.0,0.0,2025-11-08 16:43:50,1975.0,0.0,27.253,0.0,28.0
2025-11-08 19:23:33,60.02,0.0,0.0,0.0,0.0,2025-11-08 18:41:36,1932.0,0.0,26.485,0.0,28.0
2025-11-08 19:25:28,0.0,0.0,0.0,0.0,0.0,2025-11-08 18:41:36,1932.0,0.0,26.485,0.0,28.0
2025-11-08 20:04:36,0.0,0.0,0.0,0.0,0.0,2025-11-08 18:41:36,1932.0,0.0,26.485,0.0,28.0
2025-11-08 21:21:14,60.05,0.0,0.0,0.0,0.0,2025-11-08 20:39:22,1908.0,0.0,26.324,0.0,28.0
2025-11-08 21:23:12,0.0,0.0,0.0,0.0,0.0,2025-11-08 20:39:22,1908.0,0.0,26.324,0.0,28.0
2025-11-08 22:02:18,0.0,0.0,0.0,0.0,0.0,2025-11-08 20:39:22,1908.0,0.0,26.324,0.0,28.0
2025-11-08 23:18:55,0.0,0.0,0.0,0.0,0.0,2025-11-08 22:37:08,1906.0,0.0,26.661,0.0,28.0
2025-11-08 23:20:56,0.0,0.0,0.0,0.0,0.0,2025-11-08 22:37:08,1906.0,0.0,26.661,0.0,28.0
2025-11-09 00:00:00,0.0,0.0,0.0,0.0,0.0,2025-11-08 22:37:08,1906.0,0.0,26.661,0.0,28.0
2025-11-09 01:16:36,0.0,0.0,0.0,0.0,0.0,2025-11-09 00:34:54,1885.0,0.0,26.343,0.0,28.0
2025-11-09 01:18:40,0.0,0.0,0.0,0.0,0.0,2025-11-09 00:34:54,1885.0,0.0,26.343,0.0,28.0
2025-11-09 01:57:42,0.0,0.0,0.0,0.0,0.0,2025-11-09 00:34:54,1885.0,0.0,26.343,0.0,28.0
2025-11-09 03:14:17,0.0,0.0,0.0,0.0,0.0,2025-11-09 02:32:40,1856.0,0.0,25.8875,0.0,28.0
2025-11-09 03:16:24,0.0,0.0,0.0,0.0,0.0,2025-11-09 02:32:40,1856.0,0.0,25.8875,0.0,28.0
2025-11-09 03:55:24,0.0,0.0,0.0,0.0,0.0,2025-11-09 02:32:40,1856.0,0.0,25.8875,0.0,28.0
2025-11-09 05:00:00,0.0,0.0,0.0,0.0,0.0,2025-11-09 04:30:26,1822.0,0.0,25.441,0.0,28.0
2025-11-09 05:11:58,0.0,0.0,0.0,0.0,10.0,2025-11-09 04:30:26,1822.0,0.0,25.441,0.0,28.0
2025-11-09 05:14:08,0.0,0.0,0.0,0.0,0.0,2025-11-09 04:30:26,1822.0,0.0,25.441,0.0,28.0
2025-11-09 05:53:06,0.0,0.0,10.0,10.0,0.0,2025-11-09 04:30:26,1822.0,0.0,25.441,0.0,28.0
2025-11-09 07:09:39,60.07,0.0,0.0,0.0,0.0,2025-11-09 06:28:12,1820.0,0.0,25.312,0.0,28.0
2025-11-09 07:11:52,0.0,0.0,0.0,0.0,0.0,2025-11-09 06:28:12,1820.0,0.0,25.312,0.0,28.0
2025-11-09 07:50:48,0.0,0.0,0.0,0.0,0.0,2025-11-09 06:28:12,1820.0,0.0,25.312,0.0,28.0
2025-11-09 09:07:20,60.05,0.0,0.0,0.0,0.0,2025-11-09 08:25:58,1828.0,0.0,25.636,0.0,28.0
2025-11-09 09:09:36,0.0,0.0,0.0,0.0,0.0,2025-11-09 08:25:58,1828.0,0.0,25.636,0.0,28.0
2025-11-09 09:48:30,0.0,0.0,0.0,0.0,0.0,2025-11-09 08:25:58,1828.0,0.0,25.636,0.0,28.0
2025-11-09 11:05:01,60.09,0.0,0.0,0.0,0.0,2025-11-09 10:23:44,1837.0,0.0,25.671,0.0,28.0
2025-11-09 11:07:20,0.0,0.0,0.0,0.0,0.0,2025-11-09 10:23:44,1837.0,0.0,25.671,0.0,28.0
2025-11-09 11:46:12,0.0,0.0,0.0,0.0,0.0,2025-11-09 10:23:44,1837.0,0.0,25.671,0.0,28.0
2025-11-09 13:02:42,60.04,0.0,0.0,0.0,0.0,2025-11-09 12:21:30,1838.0,0.0,25.733,0.0,28.0
2025-11-09 13:05:04,0.0,0.0,0.0,0.0,0.0,2025-11-09 12:21:30,1838.0,0.0,25.733,0.0,28.0
2025-11-09 13:43:54,0.0,0.0,0.0,0.0,0.0,2025-11-09 12:21:30,1838.0,0.0,25.733,0.0,28.0
2025-11-09 15:00:23,59.98,0.0,0.0,0.0,0.0,2025-11-09 14:19:16,1842.0,0.0,25.782,0.0,28.0
2025-11-09 15:02:48,0.0,0.0,0.0,0.0,0.0,2025-11-09 14:19:16,1842.0,0.0,25.782,0.0,28.0
2025-11-09 15:41:36,0.0,0.0,0.0,0.0,0.0,2025-11-09 14:19:16,1842.0,0.0,25.782,0.0,28.0
2025-11-09 16:58:04,60.04,0.0,0.0,0.0,0.0,2025-11-09 16:17:02,1844.0,0.0,26.072,0.0,28.0
2025-11-09 17:00:32,0.0,0.0,0.0,0.0,0.0,2025-11-09 16:17:02,1844.0,0.0,26.072,0.0,28.0
2025-11-09 17:39:18,0.0,0.0,0.0,0.0,0.0,2025-11-09 16:17:02,1844.0,0.0,26.072,0.0,28.0
2025-11-09 18:55:45,60.01,0.0,0.0,0.0,0.0,2025-11-09 18:14:48,1855.0,0.0,26.476,0.0,28.0
2025-11-09 18:58:16,0.0,0.0,0.0,0.0,0.0,2025-11-09 18:14:48,1855.0,0.0,26.476,0.0,28.0
2025-11-09 19:37:00,0.0,0.0,0.0,0.0,0.0,2025-11-09 18:14:48,1855.0,0.0,26.476,0.0,28.0
2025-11-09 20:53:26,60.02,0.0,0.0,0.0,0.0,2025-11-09 20:12:34,1859.0,0.0,26.741,0.0,28.0
2025-11-09 20:56:00,0.0,0.0,0.0,0.0,0.0,2025-11-09 20:12:34,1859.0,0.0,26.741,0.0,28.0
2025-11-09 21:34:42,0.0,0.0,0.0,0.0,0.0,2025-11-09 20:12:34,1859.0,0.0,26.741,0.0,28.0
2025-11-09 22:51:07,60.07,0.0,0.0,0.0,0.0,2025-11-09 22:10:20,1869.0,0.0,26.781,0.0,28.0
2025-11-09 22:53:44,0.0,0.0,0.0,0.0,0.0,2025-11-09 22:10:20,1869.0,0.0,26.781,0.0,28.0
2025-11-09 23:32:24,0.0,0.0,0.0,0.0,0.0,2025-11-09 22:10:20,1869.0,0.0,26.781,0.0,28.0
2025-11-10 00:48:48,0.0,0.0,0.0,0.0,0.0,2025-11-10 00:08:06,1853.0,0.0,26.522,0.0,28.0
2025-11-10 00:51:28,0.0,0.0,0.0,0.0,0.0,2025-11-10 00:08:06,1853.0,0.0,26.522,0.0,28.0
2025-11-10 01:30:06,0.0,0.0,0.0,0.0,0.0,2025-11-10 00:08:06,1853.0,0.0,26.522,0.0,28.0
2025-11-10 02:46:29,0.0,0.0,0.0,0.0,10.0,2025-11-10 02:05:52,1821.0,0.0,26.109,0.0,28.0
2025-11-10 02:49:12,0.0,0.0,0.0,0.0,0.0,2025-11-10 02:05:52,1821.0,0.0,26.109,0.0,28.0
2025-11-10 03:27:48,0.0,0.0,10.0,10.0,0.0,2025-11-10 02:05:52,1821.0,0.0,26.109,0.0,28.0
2025-11-10 04:44:10,0.0,0.0,0.0,0.0,10.0,2025-11-10 04:03:38,1828.0,0.0,25.625,0.0,28.0
2025-11-10 04:46:56,0.0,0.0,0.0,0.0,0.0,2025-11-10 04:03:38,1828.0,0.0,25.625,0.0,28.0
2025-11-10 05:00:00,0.0,0.0,0.0,0.0,0.0,2025-11-10 04:03:38,1828.0,0.0,25.625,0.0,28.0
2025-11-10 05:25:30,0.0,0.0,10.0,10.0,0.0,2025-11-10 04:03:38,1828.0,0.0,25.625,0.0,28.0
2025-11-10 06:41:51,60.06,0.0,0.0,0.0,0.0,2025-11-10 06:01:24,1825.0,0.0,25.222,0.0,28.0
2025-11-10 06:44:40,0.0,0.0,0.0,0.0,0.0,2025-11-10 06:01:24,1825.0,0.0,25.222,0.0,28.0
2025-11-10 07:23:12,0.0,0.0,0.0,0.0,0.0,2025-11-10 06:01:24,1825.0,0.0,25.222,0.0,28.0
2025-11-10 08:39:32,60.0,0.0,0.0,0.0,0.0,2025-11-10 07:59:10,1840.0,0.0,25.441,0.0,28.0
2025-11-10 08:42:24,0.0,0.0,0.0,0.0,0.0,2025-11-10 07:59:10,1840.0,0.0,25.441,0.0,28.0
2025-11-10 09:20:54,0.0,0.0,0.0,0.0,0.0,2025-11-10 07:59:10,1840.0,0.0,25.441,0.0,28.0
2025-11-10 10:37:13,60.03,0.0,0.0,0.0,0.0,2025-11-10 09:56:56,1842.0,0.0,25.582,0.0,28.0
2025-11-10 10:40:08,0.0,0.0,0.0,0.0,0.0,2025-11-10 09:56:56,1842.0,0.0,25.582,0.0,28.0
2025-11-10 11:18:36,0.0,0.0,0.0,0.0,0.0,2025-11-10 09:56:56,1842.0,0.0,25.582,0.0,28.0
2025-11-10 12:34:54,60.09,0.0,0.0,0.0,0.0,2025-11-10 11:54:42,1841.0,0.0,25.685,0.0,28.0
2025-11-10 12:37:52,0.0,0.0,0.0,0.0,0.0,2025-11-10 11:54:42,1841.0,0.0,25.685,0.0,28.0
2025-11-10 13:16:18,0.0,0.0,0.0,0.0,0.0,2025-11-10 11:54:42,1841.0,0.0,25.685,0.0,28.0
2025-11-10 14:32:35,60.01,0.0,0.0,0.0,0.0,2025-11-10 13:52:28,1838.0,0.0,25.75,0.0,28.0
2025-11-10 14:35:36,0.0,0.0,0.0,0.0,0.0,2025-11-10 13:52:28,1838.0,0.0,25.75,0.0,28.0
2025-11-10 15:14:00,0.0,0.0,0.0,0.0,0.0,2025-11-10 13:52:28,1838.0,0.0,25.75,0.0,28.0
2025-11-10 16:30:16,60.04,0.0,0.0,0.0,0.0,2025-11-10 15:50:14,1831.5,0.0,25.847,0.0,28.0
2025-11-10 16:33:20,0.0,0.0,0.0,0.0,0.0,2025-11-10 15:50:14,1831.5,0.0,25.847,0.0,28.0
2025-11-10 17:11:42,0.0,0.0,0.0,0.0,0.0,2025-11-10 15:50:14,1831.5,0.0,25.847,0.0,28.0
2025-11-10 18:27:57,0.0,0.0,0.0,0.0,0.0,2025-11-10 17:48:00,1837.0,0.0,25.671,0.0,28.0
2025-11-10 18:31:04,0.0,0.0,0.0,0.0,0.0,2025-11-10 17:48:00,1837.0,0.0,25.671,0.0,28.0
2025-11-10 19:09:24,0.0,0.0,0.0,0.0,0.0,2025-11-10 17:48:00,1837.0,0.0,25.671,0.0,28.0
2025-11-10 20:25:38,0.0,0.0,0.0,0.0,0.0,2025-11-10 19:45:46,1838.0,0.0,25.733,0.0,28.0
2025-11-10 20:28:48,0.0,0.0,0.0,0.0,0.0,2025-11-10 19:45:46,1838.0,0.0,25.733,0.0,28.0
2025-11-10 21:07:06,0.0,0.0,0.0,0.0,0.0,2025-11-10 19:45:46,1838.0,0.0,25.733,0.0,28.0
2025-11-10 22:23:19,0.0,0.0,0.0,0.0,0.0,2025-11-10 21:43:32,1842.0,0.0,25.782,0.0,28.0
2025-11-10 22:26:32,0.0,0.0,0.0,0.0,0.0,2025-11-10 21:43:32,1842.0,0.0,25.782,0.0,28.0
2025-11-10 23:04:48,0.0,0.0,0.0,0.0,0.0,2025-11-10 21:43:32,1842.0,0.0,25.782,0.0,28.0
2025-11-11 00:21:00,0.0,0.0,0.0,0.0,0.0,2025-11-10 23:41:18,1844.0,0.0,26.072,0.0,28.0
2025-11-11 00:24:16,0.0,0.0,0.0,0.0,0.0,2025-11-10 23:41:18,1844.0,0.0,26.072,0.0,28.0
2025-11-11 01:02:30,0.0,0.0,0.0,0.0,0.0,2025-11-10 23:41:18,1844.0,0.0,26.072,0.0,28.0
2025-11-11 02:18:41,0.0,0.0,0.0,0.0,0.0,2025-11-11 01:39:04,2365.5,736.66,37.407,1.17,28.0
2025-11-11 02:22:00,0.0,0.0,0.0,0.0,0.0,2025-11-11 01:39:04,2365.5,736.66,37.407,1.17,28.0
2025-11-11 03:00:12,0.0,0.0,0.0,0.0,0.0,2025-11-11 01:39:04,2365.5,736.66,37.407,1.17,28.0
2025-11-11 04:16:22,0.0,0.0,0.0,0.0,0.0,2025-11-11 03:36:50,2257.5,874.37,25.306,1.16,28.0
2025-11-11 04:19:44,0.0,0.0,0.0,0.0,0.0,2025-11-11 03:36:50,2257.5,874.37,25.306,1.16,28.0
2025-11-11 04:57:54,0.0,0.0,0.0,0.0,0.0,2025-11-11 03:36:50,2257.5,874.37,25.306,1.16,28.0
2025-11-11 05:00:00,0.0,0.0,0.0,0.0,0.0,2025-11-11 03:36:50,2257.5,874.37,25.306,1.16,28.0
2025-11-11 06:14:03,0.0,0.0,0.0,0.0,0.0,2025-11-11 05:34:36,2157.0,1006.12,24.1755,1.16,28.0
2025-11-11 06:17:28,0.0,0.0,0.0,0.0,0.0,2025-11-11 05:34:36,2157.0,1006.12,24.1755,1.16,28.0
2025-11-11 06:55:36,0.0,0.0,0.0,0.0,0.0,2025-11-11 05:34:36,2157.0,1006.12,24.1755,1.16,28.0
2025-11-11 08:11:44,0.0,0.0,0.0,0.0,0.0,2025-11-11 07:32:22,2222.0,1151.875,25.137,1.16,28.0
2025-11-11 08:15:12,0.0,0.0,0.0,0.0,0.0,2025-11-11 07:32:22,2222.0,1151.875,25.137,1.16,28.0
2025-11-11 08:53:18,0.0,0.0,0.0,0.0,0.0,2025-11-11 07:32:22,2222.0,1151.875,25.137,1.16,28.0
2025-11-11 10:09:25,0.0,0.0,0.0,0.0,0.0,2025-11-11 09:30:08,2251.0,1282.53,25.8,1.16,28.0
2025-11-11 10:12:56,0.0,0.0,0.0,0.0,0.0,2025-11-11 09:30:08,2251.0,1282.53,25.8,1.16,28.0
2025-11-11 10:51:00,0.0,0.0,0.0,0.0,0.0,2025-11-11 09:30:08,2251.0,1282.53,25.8,1.16,28.0
2025-11-11 12:07:06,0.0,0.0,0.0,0.0,0.0,2025-11-11 11:27:54,2274.0,1427.355,26.217,1.16,28.0
2025-11-11 12:10:40,0.0,0.0,0.0,0.0,0.0,2025-11-11 11:27:54,2274.0,1427.355,26.217,1.16,28.0
2025-11-11 12:48:42,0.0,0.0,0.0,0.0,0.0,2025-11-11 11:27:54,2274.0,1427.355,26.217,1.16,28.0
2025-11-11 14:04:47,60.04,0.0,0.0,0.0,0.0,2025-11-11 13:25:40,2285.0,1557.82,26.215,1.16,28.0
2025-11-11 14:08:24,0.0,0.0,0.0,0.0,0.0,2025-11-11 13:25:40,2285.0,1557.82,26.215,1.16,28.0
2025-11-11 14:46:24,0.0,0.0,0.0,0.0,0.0,2025-11-11 13:25:40,2285.0,1557.82,26.215,1.16,28.0
2025-11-11 16:02:28,60.03,0.0,0.0,0.0,0.0,2025-11-11 15:23:26,1904.0,0.0,31.461,0.0,28.0
